@string{june = {June}}

@inproceedings{10.1117/12.2057347,
 author = {Maximilien J. Collon and Marcelo Ackermann and Ramses G{\"u}nther and Abdelhakim Chatbi and Giuseppe Vacanti and Mark Vervest and Alex Yanson and Marco W. Beijersbergen and Marcos Bavdaz and Eric Wille and Jeroen Haneveld and Mark Olde Riekerink and Arenda Koelewijn and Coen van Baren and Peter M{\"u}ller and Michael Krumrey and Vadim Burwitz and Giorgia Sironi and Mauro Ghigo},
 bdsk-url-1 = {https://doi.org/10.1117/12.2057347},
 booktitle = {Space Telescopes and Instrumentation 2014: Ultraviolet to Gamma Ray},
 doi = {10.1117/12.2057347},
 editor = {Tadayuki Takahashi and Jan-Willem A. den Herder and Mark Bautz},
 keywords = {X-ray optics, X-ray astronomy, silicon, wafer, stack, pore optics, X-ray telescopes, ATHENA},
 organization = {International Society for Optics and Photonics},
 pages = {91442G},
 publisher = {SPIE},
 title = {{Making the ATHENA optics using silicon pore optics}},
 url = {https://doi.org/10.1117/12.2057347},
 volume = {9144},
 year = {2014}
}

@inproceedings{10.1117/12.2062671,
 author = {R. K. Smith and M. Ackermann and R. Allured and M. W. Bautz and J. Bregman and J. Bookbinder and D. Burrows and L. Brenneman and N. Brickhouse and P. Cheimets and A. Carrier and M. Freeman and J. Kaastra and R. McEntaffer and J. Miller and A. Ptak and R. Petre and G. Vacanti},
 bdsk-url-1 = {https://doi.org/10.1117/12.2062671},
 booktitle = {Space Telescopes and Instrumentation 2014: Ultraviolet to Gamma Ray},
 doi = {10.1117/12.2062671},
 editor = {Tadayuki Takahashi and Jan-Willem A. den Herder and Mark Bautz},
 organization = {International Society for Optics and Photonics},
 pages = {91444Y},
 publisher = {SPIE},
 title = {{Arcus: an ISS-attached high-resolution x-ray grating spectrometer}},
 url = {https://doi.org/10.1117/12.2062671},
 volume = {9144},
 year = {2014}
}

@inproceedings{10.1117/12.2188988,
 adsnote = {Provided by the SAO/NASA Astrophysics Data System},
 adsurl = {https://ui.adsabs.harvard.edu/abs/2015SPIE.9603E..0KC},
 author = {{Collon}, Maximilien J. and {Vacanti}, Giuseppe and {G{\"u}nther}, Ramses and {Yanson}, Alex and {Barri{\`e}re}, Nicolas and {Landgraf}, Boris and {Vervest}, Mark and {Chatbi}, Abdelhakim and {Beijersbergen}, Marco W. and {Bavdaz}, Marcos and {Wille}, Eric and {Haneveld}, Jeroen and {Koelewijn}, Arenda and {Leenstra}, Anne and {Wijnperle}, Maurice and {van Baren}, Coen and {M{\"u}ller}, Peter and {Krumrey}, Michael and {Burwitz}, Vadim and {Pareschi}, Giovanni and {Conconi}, Paolo and {Christensen}, Finn E.},
 booktitle = {Society of Photo-Optical Instrumentation Engineers (SPIE) Conference Series},
 doi = {10.1117/12.2188988},
 eid = {96030K},
 month = {September},
 pages = {96030K},
 series = {Society of Photo-Optical Instrumentation Engineers (SPIE) Conference Series},
 title = {{Silicon pore optics development for ATHENA}},
 volume = {9603},
 year = {2015}
}

@inproceedings{10.1117/12.2231193,
 adsnote = {Provided by the SAO/NASA Astrophysics Data System},
 adsurl = {https://ui.adsabs.harvard.edu/abs/2016SPIE.9905E..4PB},
 author = {{Brenneman}, Laura W. and {Smith}, Randall K. and {Bregman}, J. and {Kaastra}, J. and {Brickhouse}, N. and {Allured}, R. and {Foster}, A. and {Wolk}, S. and {Wilms}, J. and {Valencic}, L. and {Willingale}, R. and {Grant}, C. and {Bautz}, M. and {Heilmann}, R. and {Huenemoerder}, D. and {Miller}, E. and {Nowak}, M. and {Schattenburg}, M. and {Schulz}, N. and {Burwitz}, V. and {Nandra}, K. and {Sanders}, J. and {Bookbinder}, J. and {Petre}, R. and {Ptak}, A. and {Smale}, A. and {Burrows}, D. and {Poppenhaeger}, K. and {Costantini}, E. and {DeRoo}, C. and {McEntaffer}, R. and {Mushotzky}, R. and {Miller}, J.~M. and {Temi}, P.},
 booktitle = {Space Telescopes and Instrumentation 2016: Ultraviolet to Gamma Ray},
 doi = {10.1117/12.2231193},
 editor = {{den Herder}, Jan-Willem A. and {Takahashi}, Tadayuki and {Bautz}, Marshall},
 eid = {99054P},
 month = {July},
 pages = {99054P},
 series = {Society of Photo-Optical Instrumentation Engineers (SPIE) Conference Series},
 title = {{The evolution of structure and feedback with Arcus}},
 volume = {9905},
 year = {2016}
}

@inproceedings{10.1117/12.2231778,
 author = {R. K. Smith and M. H. Abraham and R. Allured and M. Bautz and J. Bookbinder and J. N. Bregman and L. Brenneman and N. S. Brickhouse and D. N. Burrows and V. Burwitz and R. Carvalho and P. N. Cheimets and E. Costantini and S. Dawson and C. DeRoo and A. Falcone and A. R. Foster and C. E. Grant and R. K. Heilmann and E. Hertz and B. Hine III and D. Huenemoerder and J. S. Kaastra and K. K. Madsen and R. L. McEntaffer and E. D. Miller and J. Miller and E. Morse and R. Mushotzky and K. Nandra and M. Nowak and F. Paerels and R. Petre and L. Plice and K. Poppenhaeger and A. Ptak and P. Reid and J. Sanders and M. L. Schattenburg and N. Schulz and A. Smale and P. Temi and L. Valencic and S. Walker and R. Willingale and J. Wilms and S. J. Wolk},
 bdsk-url-1 = {https://doi.org/10.1117/12.2231778},
 booktitle = {Space Telescopes and Instrumentation 2016: Ultraviolet to Gamma Ray},
 doi = {10.1117/12.2231778},
 editor = {Jan-Willem A. den Herder and Tadayuki Takahashi and Marshall Bautz},
 keywords = {X-ray grating, X-ray spectroscopy, Explorer mission},
 organization = {International Society for Optics and Photonics},
 pages = {99054M},
 publisher = {SPIE},
 title = {{Arcus: the x-ray grating spectrometer explorer}},
 url = {https://doi.org/10.1117/12.2231778},
 volume = {9905},
 year = {2016}
}

@inproceedings{10.1117/12.2232157,
 author = {Hans M. G{\"u}nther and Marshall W. Bautz and Ralf K. Heilmann and David P. Huenemoerder and Herman L. Marshall and Michael A. Nowak and Norbert S. Schulz},
 bdsk-url-1 = {https://doi.org/10.1117/12.2232157},
 booktitle = {Space Telescopes and Instrumentation 2016: Ultraviolet to Gamma Ray},
 doi = {10.1117/12.2232157},
 editor = {Jan-Willem A. den Herder and Tadayuki Takahashi and Marshall Bautz},
 keywords = {X-ray surveyor, ray-tracing, misalignment, spectrograph, critical angle transmission grating, CAT grating},
 organization = {International Society for Optics and Photonics},
 pages = {990556},
 publisher = {SPIE},
 title = {{Ray-tracing critical-angle transmission gratings for the X-ray Surveyor and Explorer-size missions}},
 url = {https://doi.org/10.1117/12.2232157},
 volume = {9905},
 year = {2016}
}

@inproceedings{10.1117/12.2232230,
 author = {D. Spiga and F. E. Christensen and M. Bavdaz and M. M. Civitani and P. Conconi and D. Della Monica Ferreira and E. B. Knudsen and S. Massahi and G. Pareschi and B. Salmaso and B. Shortt and K. Tayabaly and N. J. Westergaard and E. Wille},
 booktitle = {Space Telescopes and Instrumentation 2016: Ultraviolet to Gamma Ray},
 doi = {10.1117/12.2232230},
 editor = {Jan-Willem A. den Herder and Tadayuki Takahashi and Marshall Bautz},
 keywords = {ATHENA, Silicon Pore Optics, design, simulation, modeling},
 organization = {International Society for Optics and Photonics},
 pages = {99055O},
 publisher = {SPIE},
 title = {{Simulation and modeling of silicon pore optics for the ATHENA x-ray telescope}},
 url = {https://doi.org/10.1117/12.2232230},
 volume = {9905},
 year = {2016}
}

@inproceedings{10.1117/12.2233763,
 author = {Ryan Allured and Randall L. McEntaffer and Edward Hertz and Peter N. Cheimets and Randall K. Smith},
 bdsk-url-1 = {https://doi.org/10.1117/12.2233763},
 booktitle = {Space Telescopes and Instrumentation 2016: Ultraviolet to Gamma Ray},
 doi = {10.1117/12.2233763},
 editor = {Jan-Willem A. den Herder and Tadayuki Takahashi and Marshall Bautz},
 keywords = {Arcus, X-ray spectroscopy, Conical diffraction, Off-plane gratings, Silicon pore optics},
 organization = {International Society for Optics and Photonics},
 pages = {99054O},
 publisher = {SPIE},
 title = {{Optical design considerations and raytracing results for the Arcus grating spectrometer concept}},
 url = {https://doi.org/10.1117/12.2233763},
 volume = {9905},
 year = {2016}
}

@inproceedings{10.1117/12.2272818,
 author = {R. K. Smith and M. Abraham and R. Allured and M. Bautz and J. Bookbinder and J. Bregman and L. Brenneman and N. S. Brickhouse and D. Burrows and V. Burwitz and P. N. Cheimets and E. Costantini and S. Dawson and C. DeRoo and A. Falcone and A. R. Foster and L. Gallo and C. E. Grant and H. M. G{\"u}nther and R. K Heilmann and E. Hertz and B. Hine and D. Huenemoerder and J. S. Kaastra and I. Kreykenbohm and K. K. Madsen and R. McEntaffer and E. Miller and J. Miller and E. Morse and R. Mushotzky and K. Nandra and M. Nowak and F. Paerels and R. Petre and K. Poppenhaeger and A. Ptak and P. Reid and J. Sanders and M. Schattenburg and N. Schulz and A. Smale and P. Temi and L. Valencic and S. Walker and R. Willingale and J. Wilms and S. J. Wolk},
 bdsk-url-1 = {https://doi.org/10.1117/12.2272818},
 booktitle = {UV, X-Ray, and Gamma-Ray Space Instrumentation for Astronomy XX},
 doi = {10.1117/12.2272818},
 editor = {Oswald H. Siegmund},
 keywords = {spectroscopy, soft X-ray, explorer, missing baryons},
 organization = {International Society for Optics and Photonics},
 pages = {103970Q},
 publisher = {SPIE},
 title = {{Arcus: exploring the formation and evolution of clusters, galaxies, and stars}},
 url = {https://doi.org/10.1117/12.2272818},
 volume = {10397},
 year = {2017}
}

@inproceedings{10.1117/12.2273011,
 adsnote = {Provided by the SAO/NASA Astrophysics Data System},
 adsurl = {https://ui.adsabs.harvard.edu/abs/2017SPIE10397E..0PG},
 author = {{G{\"u}nther}, Hans M. and {Cheimets}, P.~N. and {Heilmann}, R.~K. and {Smith}, R.~K.},
 booktitle = {Society of Photo-Optical Instrumentation Engineers (SPIE) Conference Series},
 doi = {10.1117/12.2273011},
 editor = {{Siegmund}, Oswald H.},
 eid = {103970P},
 month = {August},
 pages = {103970P},
 series = {Society of Photo-Optical Instrumentation Engineers (SPIE) Conference Series},
 title = {{Performance of a double tilted-Rowland-spectrometer on Arcus}},
 volume = {10397},
 year = {2017}
}

@inproceedings{10.1117/12.2312678,
 adsnote = {Provided by the SAO/NASA Astrophysics Data System},
 adsurl = {https://ui.adsabs.harvard.edu/abs/2018SPIE10699E..6FG},
 author = {{G{\"u}nther}, Hans M. and {DeRoo}, C. and {Heilmann}, R.~K. and {Hertz}, E. and {Smith}, R.~K. and {Wilms}, J.},
 booktitle = {Space Telescopes and Instrumentation 2018: Ultraviolet to Gamma Ray},
 doi = {10.1117/12.2312678},
 editor = {{den Herder}, Jan-Willem A. and {Nikzad}, Shouleh and {Nakazawa}, Kazuhiro},
 eid = {106996F},
 month = {July},
 pages = {106996F},
 series = {Society of Photo-Optical Instrumentation Engineers (SPIE) Conference Series},
 title = {{Ray-tracing Arcus in phase A}},
 volume = {10699},
 year = {2018}
}

@inproceedings{10.1117/12.245111,
 author = {George Chartas and Gordon P. Garmire and John A. Nousek and Leisa K. Townsley and Forbes R. Powell and Richard L. Blake and Dale E. Graessle},
 booktitle = {Multilayer and Grazing Incidence X-Ray/EUV Optics III},
 doi = {10.1117/12.245111},
 editor = {Richard B. Hoover and Arthur B. C. Walker II},
 organization = {International Society for Optics and Photonics},
 pages = {44 -- 54},
 publisher = {SPIE},
 title = {{ACIS UV/optical blocking filter calibration at the National Synchrotron Light Source}},
 url = {https://doi.org/10.1117/12.245111},
 volume = {2805},
 year = {1996}
}

@inproceedings{10.1117/12.2529354,
 author = {Ralf K. Heilmann and Alexander R. Bruccoleri and Jungki Song and Mark L. Schattenburg},
 bdsk-url-1 = {https://doi.org/10.1117/12.2529354},
 booktitle = {Optics for EUV, X-Ray, and Gamma-Ray Astronomy IX},
 doi = {10.1117/12.2529354},
 editor = {Stephen L. O'Dell and Giovanni Pareschi},
 keywords = {Arcus, Lynx, critical-angle transmission grating, x-ray spectroscopy, blazed transmission grating, soft x-ray, grating spectrometer, high resolving power},
 organization = {International Society for Optics and Photonics},
 pages = {1111913},
 publisher = {SPIE},
 title = {{Progress in x-ray critical-angle transmission grating technology development}},
 url = {https://doi.org/10.1117/12.2529354},
 volume = {11119},
 year = {2019}
}

@inproceedings{10.1117/12.2530941,
 author = {Boris Landgraf and Maximilien J. Collon and Giuseppe Vacanti and Nicolas M. Barri{\`e}re and Ramses G{\"u}nther and Mark Vervest and Luc Voruz and Sjoerd Verhoeckx and Ljubi{\v s}a Babi{\'c} and Laurens Keek and David Girou and Ben Okma and Marco W. Beijersbergen and Marcos Bavdaz and Eric Wille and Sebastiaan Fransen and Brian Shortt and Ivo Ferreira and Jeroen Haneveld and Arenda Koelewijn and Ronald Start and Maurice Wijnperl{\'e} and Jan-Joost Lankwarden and Coen van Baren and Paul Hieltjes and Jan Willem den Herder and Vadim Burwitz and Giovanni Pareschi and Sonny Massahi and Desir{\'e}e Della Monica Ferreira and Finn E. Christensen and Giuseppe Valsecchi and Paul Oliver and Ian Chequer and Kevin Ball},
 bdsk-url-1 = {https://doi.org/10.1117/12.2530941},
 booktitle = {Optics for EUV, X-Ray, and Gamma-Ray Astronomy IX},
 doi = {10.1117/12.2530941},
 editor = {Stephen L. O'Dell and Giovanni Pareschi},
 keywords = {x-ray optics, x-ray astronomy, silicon, wafer, stack, pore optics, x-ray telescopes, ATHENA},
 organization = {International Society for Optics and Photonics},
 pages = {111190E},
 publisher = {SPIE},
 title = {{Development and manufacturing of SPO X-ray mirrors}},
 url = {https://doi.org/10.1117/12.2530941},
 volume = {11119},
 year = {2019}
}

@inproceedings{10.1117/12.2594461,
 author = {G. Sironi and D. Spiga and A. Moretti and G. Pareschi and G. Tagliaferri and D. Della Monica Ferreira and E. Bergb{\"a}ck Knudsen and A. S. Jegers and I. Ferreira and M. Bavdaz},
 booktitle = {Optics for EUV, X-Ray, and Gamma-Ray Astronomy X},
 doi = {10.1117/12.2594461},
 editor = {Stephen L. O'Dell and Jessica A. Gaskin and Giovanni Pareschi},
 keywords = {ATHENA, silicon pore optics, optical performance, simulation, SW package},
 organization = {International Society for Optics and Photonics},
 pages = {118220I},
 publisher = {SPIE},
 title = {{Open-source simulator for ATHENA X-ray telescope optics}},
 url = {https://doi.org/10.1117/12.2594461},
 volume = {11822},
 year = {2021}
}

@inproceedings{10.1117/12.2599339,
 adsnote = {Provided by the SAO/NASA Astrophysics Data System},
 adsurl = {https://ui.adsabs.harvard.edu/abs/2021SPIE11852E..1ZC},
 author = {{Collon}, Maximilien J. and {Babic}, Ljubi{\v{s}}a and {Barri{\`e}re}, Nicolas M. and {Bayerle}, Alex and {Castiglione}, Luigi and {Eenkhoorn}, No{\"e} and {Girou}, David and {G{\"u}nther}, Ramses and {Hauser}, Enrico and {Jenkins}, Yvette and {Landgraf}, Boris and {Keek}, Laurens and {Okma}, Ben and {Mendoza Serano}, Gregorio and {Thete}, Aniket and {Vacanti}, Giuseppe and {Verhoeckx}, Sjoerd and {Vervest}, Mark and {Voruz}, Luc and {Beijersbergen}, Marco and {Bavdaz}, Marcos and {Wille}, Eric and {Ferreira}, Ivo and {Fransen}, Sebastiaan and {Shortt}, Brian and {Riekerink}, Mark Olde and {Haneveld}, Jeroen and {Koelewijn}, Arenda and {Wijnperle}, Maurice and {Lankwarden}, Jan-Joost and {Schurink}, Bart and {Start}, Ronald and {van Baren}, Coen and {Hieltjes}, Paul and {den Herder}, Jan Willem and {Handick}, Evelyn and {Krumrey}, Michael and {Bradshaw}, Miranda and {Burwitz}, Vadim and {Massahi}, Sonny and {Svendsen}, Sara Buur and {Ferreira}, Desiree Della Monica and {Christensen}, Finn E. and {Valsecchi}, Giuseppe and {Kailla}, Geeta and {Mundon}, William and {Phillips}, Gavin and {Chequer}, Ian and {Ball}, Kevin},
 booktitle = {International Conference on Space Optics \&mdash; ICSO 2020},
 doi = {10.1117/12.2599339},
 editor = {{Cugny}, Bruno and {Sodnik}, Zoran and {Karafolas}, Nikos},
 eid = {118521Z},
 month = {June},
 pages = {118521Z},
 series = {Society of Photo-Optical Instrumentation Engineers (SPIE) Conference Series},
 title = {{X-ray mirror development and production for the Athena telescope}},
 volume = {11852},
 year = {2021}
}

@inproceedings{10.1117/12.2628133,
 author = {D. Spiga and G. Sironi and D. Della Monica Ferreira and A. S. Jegers and E. Bergb{\"a}ck Knudsen and M. Bavdaz and I. Ferreira},
 booktitle = {Space Telescopes and Instrumentation 2022: Ultraviolet to Gamma Ray},
 doi = {10.1117/12.2628133},
 editor = {Jan-Willem A. den Herder and Shouleh Nikzad and Kazuhiro Nakazawa},
 keywords = {SWORDS, SImPOSIUM, diffraction, silicon pore optics, wave optics},
 organization = {International Society for Optics and Photonics},
 pages = {121814J},
 publisher = {SPIE},
 title = {{Modelling diffractive effects in silicon pore optics for the ATHENA X-ray Telescope}},
 url = {https://doi.org/10.1117/12.2628133},
 volume = {12181},
 year = {2022}
}

@inproceedings{10.1117/12.2628195,
 author = {Ralf K. Heilmann and Alexander R. Bruccoleri and Vadim Burwitz and Peter Cheimets and Casey DeRoo and Alan Garner and Eric M. Gullikson and Hans Moritz G{\"u}nther and Gisela Hartner and Edward Hertz and Andreas Langmeier and Thomas Mueller and Surangkhana Rukdee and Thomas Schmidt and Randall K. Smith and Mark L. Schattenburg},
 bdsk-url-1 = {https://doi.org/10.1117/12.2628195},
 booktitle = {Space Telescopes and Instrumentation 2022: Ultraviolet to Gamma Ray},
 doi = {10.1117/12.2628195},
 editor = {Jan-Willem A. den Herder and Shouleh Nikzad and Kazuhiro Nakazawa},
 keywords = {Arcus, critical-angle transmission grating, high-resolution x-ray spectroscopy, Lynx, x-ray diffraction grating, soft x-ray diffraction, deep reactive-ion etching, grating fabrication},
 organization = {International Society for Optics and Photonics},
 pages = {1218116},
 publisher = {SPIE},
 title = {{Flight-like critical-angle transmission grating x-ray performance for Arcus}},
 url = {https://doi.org/10.1117/12.2628195},
 volume = {12181},
 year = {2022}
}

@inproceedings{10.1117/12.2677332,
 author = {Kevin France and Brian Fleming and Laura Brenneman and Randall Smith and Joel Bregman and Nancy Brickhouse and Hans Moritz G{\"u}nther and Todd M. Tripp and Dolon Bhattacharyya and Timothy Hellickson and Nicholas Nell and Thomas Patton and Katja Poppenhaeger and Pasqualle Temi},
 booktitle = {UV, X-Ray, and Gamma-Ray Space Instrumentation for Astronomy XXIII},
 doi = {10.1117/12.2677332},
 editor = {Oswald H. Siegmund and Keri Hoadley},
 keywords = {far-ultraviolet, spectroscopy, probe, imaging spectroscopy, high-sensitivity},
 organization = {International Society for Optics and Photonics},
 pages = {126780F},
 publisher = {SPIE},
 title = {{Far-ultraviolet spectroscopy on the Arcus x-ray probe}},
 url = {https://doi.org/10.1117/12.2677332},
 volume = {12678},
 year = {2023}
}

@inproceedings{10.1117/12.2677388,
 adsnote = {Provided by the SAO/NASA Astrophysics Data System},
 adsurl = {https://ui.adsabs.harvard.edu/abs/2023SPIE12679E..05G},
 author = {{Girou}, David and {Keek}, Laurens and {Smith}, Randall K. and {McEntaffer}, Randall L. and {den Hartog}, Roland and {Bavdaz}, Marcos and {Ferreira}, Ivo and {Barri{\`e}re}, Nicolas M. and {Landgraf}, Boris and {Vacanti}, Giuseppe and {Collon}, Maximilien},
 booktitle = {Optics for EUV, X-Ray, and Gamma-Ray Astronomy XI},
 doi = {10.1117/12.2677388},
 editor = {{O'Dell}, Stephen L. and {Gaskin}, Jessica A. and {Pareschi}, Giovanni and {Spiga}, Daniele},
 eid = {1267905},
 month = {October},
 pages = {1267905},
 series = {Society of Photo-Optical Instrumentation Engineers (SPIE) Conference Series},
 title = {{Silicon pore optics: a mature and adaptable x-ray mirror technology}},
 volume = {12679},
 year = {2023}
}

@inproceedings{10.1117/12.2677948,
 author = {Brian T. Fleming and Kevin France and Tom Patton and Timothy Hellickson and Nicholas Nell and Randall Smith and Peter Cheimets},
 booktitle = {UV, X-Ray, and Gamma-Ray Space Instrumentation for Astronomy XXIII},
 doi = {10.1117/12.2677948},
 editor = {Oswald H. Siegmund and Keri Hoadley},
 keywords = {Ultraviolet, Probes, Space Missions, Spectroscopy, eLiF, Microchannel Plate},
 organization = {International Society for Optics and Photonics},
 pages = {126780G},
 publisher = {SPIE},
 title = {{The Arcus ultraviolet spectrograph (UVS): technical design of the far-ultraviolet spectrograph on the Arcus probe}},
 url = {https://doi.org/10.1117/12.2677948},
 volume = {12678},
 year = {2023}
}

@inproceedings{10.1117/12.278845,
 adsnote = {Provided by the SAO/NASA Astrophysics Data System},
 adsurl = {https://ui.adsabs.harvard.edu/abs/1997SPIE.3113..172P},
 author = {{Predehl}, Peter and {Braeuninger}, Heinrich W. and {Brinkman}, Albert C. and {Dewey}, Daniel and {Drake}, Jeremy J. and {Flanagan}, Kathryn A. and {Gunsing}, Theo and {Hartner}, Gisela D. and {Juda}, Jiahong Z. and {Juda}, Michael and {Kaastra}, Jelle S. and {Marshall}, Herman L. and {Swartz}, Douglas A.},
 booktitle = {Grazing Incidence and Multilayer X-Ray Optical Systems},
 doi = {10.1117/12.278845},
 editor = {{Hoover}, Richard B. and {Walker}, Arthur B.},
 month = {July},
 pages = {172-180},
 series = {Society of Photo-Optical Instrumentation Engineers (SPIE) Conference Series},
 title = {{X-ray calibration of the AXAF Low Energy Transmission Grating Spectrometer: effective area}},
 volume = {3113},
 year = {1997}
}

@inproceedings{10.1117/12.278846,
 adsnote = {Provided by the SAO/NASA Astrophysics Data System},
 adsurl = {https://ui.adsabs.harvard.edu/abs/1997SPIE.3113..181B},
 author = {{Brinkman}, Albert C. and {Gunsing}, C.~J. and {Kaastra}, Jelle S. and {Braeuninger}, Heinrich W. and {Hartner}, Gisela D. and {Predehl}, Peter and {Drake}, Jeremy J. and {Juda}, Jiahong Z. and {Juda}, Michael and {Dewey}, Daniel and {Flanagan}, Kathryn A. and {Marshall}, Herman L.},
 booktitle = {Grazing Incidence and Multilayer X-Ray Optical Systems},
 doi = {10.1117/12.278846},
 editor = {{Hoover}, Richard B. and {Walker}, Arthur B.},
 month = {July},
 pages = {181-192},
 series = {Society of Photo-Optical Instrumentation Engineers (SPIE) Conference Series},
 title = {{Preliminary test results on spectral resolution of the Low Energy Transmission Grating Spectrometer on board of AXAF}},
 volume = {3113},
 year = {1997}
}

@inproceedings{10.1117/12.283772,
 adsnote = {Provided by the SAO/NASA Astrophysics Data System},
 adsurl = {https://ui.adsabs.harvard.edu/abs/1997SPIE.3114...11M},
 author = {{Murray}, Stephen S. and {Chappell}, Jon H. and {Kenter}, Almus T. and {Kobayashi}, K. and {Kraft}, Ralph P. and {Meehan}, G.~R. and {Zombeck}, Martin V. and {Fraser}, George W. and {Pearson}, James F. and {Lees}, John E. and {Brunton}, Adam N. and {Pearce}, Sarah E. and {Barbera}, Marco and {Collura}, Alfonso and {Serio}, Salvatore},
 booktitle = {EUV, X-Ray, and Gamma-Ray Instrumentation for Astronomy VIII},
 doi = {10.1117/12.283772},
 editor = {{Siegmund}, Oswald H. and {Gummin}, Mark A.},
 month = {October},
 pages = {11-25},
 series = {Society of Photo-Optical Instrumentation Engineers (SPIE) Conference Series},
 title = {{AXAF High-Resolution Camera (HRC): calibration and recalibration at XRCF and beyond}},
 volume = {3114},
 year = {1997}
}

@inproceedings{10.1117/12.447161,
 adsnote = {Provided by the SAO/NASA Astrophysics Data System},
 adsurl = {https://ui.adsabs.harvard.edu/abs/2001SPIE.4477...76F},
 archiveprefix = {arXiv},
 author = {{Freeman}, Peter and {Doe}, Stephen and {Siemiginowska}, Aneta},
 booktitle = {Astronomical Data Analysis},
 doi = {10.1117/12.447161},
 editor = {{Starck}, Jean-Luc and {Murtagh}, Fionn D.},
 eprint = {astro-ph/0108426},
 keywords = {Astrophysics},
 month = {November},
 pages = {76-87},
 primaryclass = {astro-ph},
 series = {Society of Photo-Optical Instrumentation Engineers (SPIE) Conference Series},
 title = {{Sherpa: a mission-independent data analysis application}},
 volume = {4477},
 year = {2001}
}

@inproceedings{10.1117/12.856482,
 abstract = {High-resolution spectroscopy at energies below 1 keV
covers the lines of C, N, O, Ne and Fe ions, and is central
to studies of the Interstellar Medium, the Warm Hot
Intergalactic Medium, warm absorption and outflows in
Active Galactic Nuclei, coronal emission from stars, etc.
The large collecting area, long focal length, and 5
arcsecond half power diameter telescope point-spread
function of the International X-ray Observatory will
present unprecedented opportunity for a grating
spectrometer to address these areas at the forefront of
astronomy and astrophysics. We present the current status
of a transmission grating spectrometer based on recently
developed high-efficiency critical-angle transmission (CAT)
gratings that combine the traditional advantages of blazed
reflection and transmission gratings. The optical design
places light-weight grating arrays close to the telescope
mirrors, which maximizes dispersion distance and thus
spectral resolution and minimizes demands on mirror
performance. It merges features from the Chandra High
Energy Transmission Grating Spectrometer and the XMM-Newton
Reflection Grating Spectrometer, and provides resolving
power R = E/ ΔE = 3000 - 5000 (full width half max) and
effective area &gt;1000 cm2 in the soft x-ray band. We
discuss recent results on ray-tracing and optimization of
the optical design, instrument configuration studies, and
grating fabrication.},
 author = {Heilmann, Ralf K. and Davis, John E. and Dewey, Daniel and
Bautz, Mark W. and Foster, Rick and Bruccoleri, Alex and
Mukherjee, Pran and Robinson, David and Huenemoerder, David
P. and Marshall, Herman L. and Schattenburg, Mark L. and
Schulz, Norbert S. and Guo, L. Jay and Kaplan, Alex F. and
Schweikart, Russell B.},
 doi = {10.1117/12.856482},
 eprint = {},
 journal = {Proc. SPIE},
 number = {},
 pages = {77321J-77321J-11},
 title = {Critical-angle transmission grating spectrometer for
high-resolution soft x-ray spectroscopy on the
International X-ray Observatory},
 url = { http://dx.doi.org/10.1117/12.856482},
 volume = {7732},
 year = {2010}
}

@inproceedings{10.1117/12.926827,
 adsnote = {Provided by the SAO/NASA Astrophysics Data System},
 adsurl = {https://ui.adsabs.harvard.edu/abs/2012SPIE.8443E..0WH},
 author = {{Heilmann}, Ralf K. and {Bruccoleri}, Alex R. and {Mukherjee}, Pran and {Schattenburg}, Mark L.},
 booktitle = {Space Telescopes and Instrumentation 2012: Ultraviolet to Gamma Ray},
 doi = {10.1117/12.926827},
 editor = {{Takahashi}, Tadayuki and {Murray}, Stephen S. and {den Herder}, Jan-Willem A.},
 eid = {84430W},
 month = {September},
 pages = {84430W},
 series = {Society of Photo-Optical Instrumentation Engineers (SPIE) Conference Series},
 title = {{Progress in the development of critical-angle transmission gratings}},
 volume = {8443},
 year = {2012}
}

@article{1987ApOpt..26.2915C,
 adsnote = {Provided by the SAO/NASA Astrophysics Data System},
 adsurl = {https://ui.adsabs.harvard.edu/abs/1987ApOpt..26.2915C},
 author = {{Cash}, Webster},
 doi = {10.1364/AO.26.002915},
 journal = {\ao},
 keywords = {Grazing Incidence, Image Processing, Image Resolution, X Ray Imagery, Apertures, Grazing Incidence Telescopes, Image Reconstruction, Pixels, X Ray Telescopes, Optics, X RAYS, MIRRORS, SCATTERING, TELESCOPES},
 month = {July},
 number = {14},
 pages = {2915-2920},
 title = {{X-ray optics: a technique for high resolution imaging}},
 volume = {26},
 year = {1987}
}

@inproceedings{1995ASPC...77..219C,
 adsnote = {Provided by the SAO/NASA Astrophysics Data System},
 adsurl = {https://ui.adsabs.harvard.edu/abs/1995ASPC...77..219C},
 author = {{Corcoran}, M.~F. and {Angelini}, L. and {George}, I. and {McGlynn}, T. and {Mukai}, K. and {Pence}, W. and {Rots}, A.},
 booktitle = {Astronomical Data Analysis Software and Systems IV},
 editor = {{Shaw}, R.~A. and {Payne}, H.~E. and {Hayes}, J.~J.~E.},
 month = {January},
 pages = {219},
 series = {Astronomical Society of the Pacific Conference Series},
 title = {{The OGIP FITS Working Group}},
 volume = {77},
 year = {1995}
}

@inproceedings{1996ASPC..101...17A,
 adsnote = {Provided by the SAO/NASA Astrophysics Data System},
 adsurl = {https://ui.adsabs.harvard.edu/abs/1996ASPC..101...17A},
 author = {{Arnaud}, K.~A.},
 booktitle = {Astronomical Data Analysis Software and Systems V},
 editor = {{Jacoby}, George H. and {Barnes}, Jeannette},
 month = {January},
 pages = {17},
 series = {Astronomical Society of the Pacific Conference Series},
 title = {{XSPEC: The First Ten Years}},
 volume = {101},
 year = {1996}
}

@inproceedings{2000ASPC..216..591H,
 adsnote = {Provided by the SAO/NASA Astrophysics Data System},
 adsurl = {https://ui.adsabs.harvard.edu/abs/2000ASPC..216..591H},
 author = {{Houck}, J.~C. and {Denicola}, L.~A.},
 booktitle = {Astronomical Data Analysis Software and Systems IX},
 editor = {{Manset}, Nadine and {Veillet}, Christian and {Crabtree}, Dennis},
 month = {January},
 pages = {591},
 series = {Astronomical Society of the Pacific Conference Series},
 title = {{ISIS: An Interactive Spectral Interpretation System for High Resolution X-Ray Spectroscopy}},
 volume = {216},
 year = {2000}
}

@article{2001A&A...365L...7D,
 adsnote = {Provided by the SAO/NASA Astrophysics Data System},
 adsurl = {https://ui.adsabs.harvard.edu/abs/2001A&A...365L...7D},
 author = {{den Herder}, J.~W. and {Brinkman}, A.~C. and {Kahn}, S.~M. and {Branduardi-Raymont}, G. and {Thomsen}, K. and {Aarts}, H. and {Audard}, M. and {Bixler}, J.~V. and {den Boggende}, A.~J. and {Cottam}, J. and {Decker}, T. and {Dubbeldam}, L. and {Erd}, C. and {Goulooze}, H. and {G{\"u}del}, M. and {Guttridge}, P. and {Hailey}, C.~J. and {Janabi}, K. Al and {Kaastra}, J.~S. and {de Korte}, P.~A.~J. and {van Leeuwen}, B.~J. and {Mauche}, C. and {McCalden}, A.~J. and {Mewe}, R. and {Naber}, A. and {Paerels}, F.~B. and {Peterson}, J.~R. and {Rasmussen}, A.~P. and {Rees}, K. and {Sakelliou}, I. and {Sako}, M. and {Spodek}, J. and {Stern}, M. and {Tamura}, T. and {Tandy}, J. and {de Vries}, C.~P. and {Welch}, S. and {Zehnder}, A.},
 doi = {10.1051/0004-6361:20000058},
 journal = {\aap},
 keywords = {SPACE VEHICLES: INSTRUMENTS, REFLECTION GRATINGS, \textbackslashTEXTIT\{XMM-NEWTON\}},
 month = {January},
 pages = {L7-L17},
 title = {{The Reflection Grating Spectrometer on board XMM-Newton}},
 volume = {365},
 year = {2001}
}

@article{2005PASP..117.1144C,
 adsnote = {Provided by the SAO/NASA Astrophysics Data System},
 adsurl = {https://ui.adsabs.harvard.edu/abs/2005PASP..117.1144C},
 archiveprefix = {arXiv},
 author = {{Canizares}, Claude R. and {Davis}, John E. and {Dewey}, Daniel and {Flanagan}, Kathryn A. and {Galton}, Eugene B. and {Huenemoerder}, David P. and {Ishibashi}, Kazunori and {Markert}, Thomas H. and {Marshall}, Herman L. and {McGuirk}, Michael and {Schattenburg}, Mark L. and {Schulz}, Norbert S. and {Smith}, Henry I. and {Wise}, Michael},
 doi = {10.1086/432898},
 eprint = {astro-ph/0507035},
 journal = {\pasp},
 keywords = {space vehicles: instruments, Instrumentation: Spectrographs, X-Rays: General, methods: laboratory, Techniques: Spectroscopic, Astrophysics},
 month = {October},
 number = {836},
 pages = {1144-1171},
 primaryclass = {astro-ph},
 title = {{The Chandra High-Energy Transmission Grating: Design, Fabrication, Ground Calibration, and 5 Years in Flight}},
 volume = {117},
 year = {2005}
}

@article{2007PASJ...59S..23K,
 adsnote = {Provided by the SAO/NASA Astrophysics Data System},
 adsurl = {https://ui.adsabs.harvard.edu/abs/2007PASJ...59S..23K},
 author = {{Koyama}, Katsuji and {Tsunemi}, Hiroshi and {Dotani}, Tadayasu and {Bautz}, Mark W. and {Hayashida}, Kiyoshi and {Tsuru}, Takeshi Go and {Matsumoto}, Hironori and {Ogawara}, Yoshiaki and {Ricker}, George R. and {Doty}, John and {Kissel}, Steven E. and {Foster}, Rick and {Nakajima}, Hiroshi and {Yamaguchi}, Hiroya and {Mori}, Hideyuki and {Sakano}, Masaaki and {Hamaguchi}, Kenji and {Nishiuchi}, Mamiko and {Miyata}, Emi and {Torii}, Ken'ichi and {Namiki}, Masaaki and {Katsuda}, Satoru and {Matsuura}, Daisuke and {Miyauchi}, Tomofumi and {Anabuki}, Naohisa and {Tawa}, Noriaki and {Ozaki}, Masanobu and {Murakami}, Hiroshi and {Maeda}, Yoshitomo and {Ichikawa}, Yoshinori and {Prigozhin}, Gregory Y. and {Boughan}, Edward A. and {Lamarr}, Beverly and {Miller}, Eric D. and {Burke}, Barry E. and {Gregory}, James A. and {Pillsbury}, Allen and {Bamba}, Aya and {Hiraga}, Junko S. and {Senda}, Atsushi and {Katayama}, Haruyoshi and {Kitamoto}, Shunji and {Tsujimoto}, Masahiro and {Kohmura}, Takayoshi and {Tsuboi}, Yohko and {Awaki}, Hisamitsu},
 doi = {10.1093/pasj/59.sp1.S23},
 journal = {\pasj},
 keywords = {instrumentation: detectors, methods: data analysis, space vehicles: instruments, X-ray CCDs},
 month = {January},
 pages = {23-33},
 title = {{X-Ray Imaging Spectrometer (XIS) on Board Suzaku}},
 volume = {59},
 year = {2007}
}

@inproceedings{2010SPIE.7732E..1JH,
 adsnote = {Provided by the SAO/NASA Astrophysics Data System},
 adsurl = {https://ui.adsabs.harvard.edu/abs/2010SPIE.7732E..1JH},
 author = {{Heilmann}, Ralf K. and {Davis}, John E. and {Dewey}, Daniel and {Bautz}, Mark W. and {Foster}, Rick and {Bruccoleri}, Alex and {Mukherjee}, Pran and {Robinson}, David and {Huenemoerder}, David P. and {Marshall}, Herman L. and {Schattenburg}, Mark L. and {Schulz}, Norbert S. and {Guo}, L. Jay and {Kaplan}, Alex F. and {Schweikart}, Russell B.},
 booktitle = {Space Telescopes and Instrumentation 2010: Ultraviolet to Gamma Ray},
 doi = {10.1117/12.856482},
 editor = {{Arnaud}, Monique and {Murray}, Stephen S. and {Takahashi}, Tadayuki},
 eid = {77321J},
 month = {July},
 pages = {77321J},
 series = {Society of Photo-Optical Instrumentation Engineers (SPIE) Conference Series},
 title = {{Critical-angle transmission grating spectrometer for high-resolution soft x-ray spectroscopy on the International X-ray Observatory}},
 volume = {7732},
 year = {2010}
}

@article{2017AJ....154..243G,
 adsnote = {Provided by the SAO/NASA Astrophysics Data System},
 adsurl = {http://adsabs.harvard.edu/abs/2017AJ....154..243G},
 archiveprefix = {arXiv},
 author = {{G{\"u}nther}, H.~M. and {Frost}, J. and {Theriault-Shay}, A.
},
 doi = {10.3847/1538-3881/aa943b},
 eid = {243},
 eprint = {1710.05226},
 journal = {\aj},
 keywords = {instrumentation: polarimeters, instrumentation: spectrographs, methods: numerical, telescopes },
 month = {December},
 pages = {243},
 primaryclass = {astro-ph.IM},
 title = {{MARXS: A Modular Software to Ray-trace X-Ray Instrumentation}},
 volume = {154},
 year = {2017}
}

@article{2021RNAAS...5..113R,
 adsnote = {Provided by the SAO/NASA Astrophysics Data System},
 adsurl = {https://ui.adsabs.harvard.edu/abs/2021RNAAS...5..113R},
 archiveprefix = {arXiv},
 author = {{Rhea}, Carter and {Hlavacek-Larrondo}, Julie and {Kraft}, Ralph and {Bogdan}, Akos and {Geelen}, Rudy},
 doi = {10.3847/2515-5172/ac00c2},
 eid = {113},
 eprint = {2105.09470},
 journal = {Research Notes of the American Astronomical Society},
 keywords = {X-ray astronomy, Computational astronomy, Astronomical methods, 1810, 293, 1043, Astrophysics - Instrumentation and Methods for Astrophysics},
 month = {May},
 number = {5},
 pages = {113},
 primaryclass = {astro-ph.IM},
 title = {{A Data-driven Approach to X-Ray Spectral Fitting: Quasi-deconvolution}},
 volume = {5},
 year = {2021}
}

@article{2022AN....34320019B,
 adsnote = {Provided by the SAO/NASA Astrophysics Data System},
 adsurl = {https://ui.adsabs.harvard.edu/abs/2022AN....34320019B},
 author = {{Brickhouse}, Nancy S. and {Brenneman}, Laura W. and {G{\"u}nther}, Hans Moritz and {Huenemoerder}, David P. and {Ptak}, Andy and {Smith}, Randall K. and {Wolk}, Scott J.},
 doi = {10.1002/asna.20220019},
 eid = {e20019},
 journal = {Astronomische Nachrichten},
 month = {May},
 number = {4},
 pages = {e20019},
 title = {{An Arcus view of stellar space weather}},
 volume = {343},
 year = {2022}
}

@article{2022ApJ...934..171H,
 adsnote = {Provided by the SAO/NASA Astrophysics Data System},
 adsurl = {https://ui.adsabs.harvard.edu/abs/2022ApJ...934..171H},
 archiveprefix = {arXiv},
 author = {{Heilmann}, Ralf K. and {Bruccoleri}, Alexander R. and {Burwitz}, Vadim and {DeRoo}, Casey and {Garner}, Alan and {G{\"u}nther}, Hans Moritz and {Gullikson}, Eric M. and {Hartner}, Gisela and {Hertz}, Edward and {Langmeier}, Andreas and {M{\"u}ller}, Thomas and {Rukdee}, Surangkhana and {Schmidt}, Thomas and {Smith}, Randall K. and {Schattenburg}, Mark L.},
 doi = {10.3847/1538-4357/ac7a3a},
 eid = {171},
 eprint = {2206.09013},
 journal = {\apj},
 keywords = {Warm-hot intergalactic medium, X-ray astronomy, X-ray telescopes, X-ray detectors, High resolution spectroscopy, Spectrometers, Supermassive black holes, Stellar accretion, Protoplanetary disks, Galaxy clusters, 1786, 1810, 1825, 1815, 2096, 1554, 1663, 1578, 1300, 584, Astrophysics - Instrumentation and Methods for Astrophysics},
 month = {August},
 number = {2},
 pages = {171},
 primaryclass = {astro-ph.IM},
 title = {{X-Ray Performance of Critical-angle Transmission Grating Prototypes for the Arcus Mission}},
 volume = {934},
 year = {2022}
}

@article{2023arXiv231118014R,
 adsnote = {Provided by the SAO/NASA Astrophysics Data System},
 adsurl = {https://ui.adsabs.harvard.edu/abs/2023arXiv231118014R},
 archiveprefix = {arXiv},
 author = {{Rhea}, Carter and {Hlavacek-Larrondo}, Julie and {Kraft}, Ralph and {Bogdan}, Akos and {Adam}, Alexandre and {Perreault-Levasseur}, Laurence},
 doi = {10.48550/arXiv.2311.18014},
 eid = {arXiv:2311.18014},
 eprint = {2311.18014},
 journal = {arXiv e-prints},
 keywords = {Astrophysics - Astrophysics of Galaxies, Astrophysics - Instrumentation and Methods for Astrophysics},
 month = {November},
 pages = {arXiv:2311.18014},
 primaryclass = {astro-ph.GA},
 title = {{Unraveling the Mysteries of Galaxy Clusters: Recurrent Inference Deconvolution of X-ray Spectra}},
 year = {2023}
}

@article{astropy:2013,
 adsnote = {Provided by the SAO/NASA Astrophysics Data System},
 adsurl = {http://adsabs.harvard.edu/abs/2013A%26A...558A..33A},
 archiveprefix = {arXiv},
 author = {{Astropy Collaboration et al.}},
 bdsk-url-1 = {https://dx.doi.org/10.1051/0004-6361/201322068},
 doi = {10.1051/0004-6361/201322068},
 eid = {A33},
 eprint = {1307.6212},
 journal = {\aap},
 keywords = {methods: data analysis, methods: miscellaneous, virtual observatory tools},
 month = {October},
 pages = {A33},
 primaryclass = {astro-ph.IM},
 title = {{Astropy: A community Python package for astronomy}},
 volume = {558},
 year = {2013}
}

@article{astropy:2018,
 adsnote = {Provided by the SAO/NASA Astrophysics Data System},
 adsurl = {https://ui.adsabs.harvard.edu/abs/2018AJ....156..123A},
 archiveprefix = {arXiv},
 author = {{Astropy Collaboration et al.}},
 doi = {10.3847/1538-3881/aabc4f},
 eid = {123},
 eprint = {1801.02634},
 journal = {\aj},
 keywords = {methods: data analysis, methods: miscellaneous, methods: statistical, reference systems, Astrophysics - Instrumentation and Methods for Astrophysics},
 month = {September},
 number = {3},
 pages = {123},
 primaryclass = {astro-ph.IM},
 title = {{The Astropy Project: Building an Open-science Project and Status of the v2.0 Core Package}},
 volume = {156},
 year = {2018}
}

@article{astropy:2022,
 adsnote = {Provided by the SAO/NASA Astrophysics Data System},
 adsurl = {https://ui.adsabs.harvard.edu/abs/2022ApJ...935..167A},
 archiveprefix = {arXiv},
 author = {{Astropy Collaboration et al.}},
 doi = {10.3847/1538-4357/ac7c74},
 eid = {167},
 eprint = {2206.14220},
 journal = {\apj},
 keywords = {Astronomy software, Open source software, Astronomy data analysis, 1855, 1866, 1858, Astrophysics - Instrumentation and Methods for Astrophysics},
 month = {August},
 number = {2},
 pages = {167},
 primaryclass = {astro-ph.IM},
 title = {{The Astropy Project: Sustaining and Growing a Community-oriented Open-source Project and the Latest Major Release (v5.0) of the Core Package}},
 volume = {935},
 year = {2022}
}

@article{Beuermann:78,
 abstract = {The aberrations of various types of curved constant-period transmission gratings are discussed, using Fermat's principle. We show that optimal performance is achieved with a grating assembled from individual facets which form a nonclosed surface. For this geometry, primary coma and astigmatism are proportional to the facet size and, hence, may be adapted to the angular resolution of a Wolter-type telescope.},
 author = {K. P. Beuermann and H. Br\"{a}uninger and J. Tr\"{u}mper},
 doi = {10.1364/AO.17.002304},
 journal = {Appl. Opt.},
 keywords = {},
 month = {Aug},
 number = {15},
 pages = {2304--2309},
 publisher = {OSA},
 title = {Aberrations of a facet-type transmission grating for cosmic x-ray and XUV spectroscopy},
 url = {http://ao.osa.org/abstract.cfm?URI=ao-17-15-2304},
 volume = {17},
 year = {1978}
}

@article{CXRO,
 author = {B. L. Henke and E.M. Gullikson and J.C. Davis},
 journal = {Atomic Data and Nuclear Data Tables},
 number = {2},
 pages = {181-342},
 title = {X-ray interactions: photoabsorption, scattering, transmission, and reflection at E=50-30000 eV, Z=1-92},
 volume = {54},
 year = {1993}
}

@inproceedings{doi:10.1117/12.2314180,
 author = {Ralf K. Heilmann and Mark L. Schattenburg and Alexander R. Bruccoleri and Jungki Song and Casey T. DeRoo and Peter Cheimets and Randall K. Smith and Vadim Burwitz and Edward N. Hertz and Gisela Hartner and Marlis-Madeleine La Caria and Carlo Pelliciari and Hans M. Guenther and Sarah Heine and Beverly LaMarr and Herman L. Marshall and Norbert  S. Schulz and Eric M. Gullikson},
 booktitle = {Space Telescopes and Instrumentation 2018: Ultraviolet to Gamma Ray},
 doi = {10.1117/12.2314180},
 editor = {Jan-Willem A. den Herder and Kazuhiro Nakazawa and Shouleh Nikzad},
 month = {jul},
 publisher = {{SPIE}},
 title = {Blazed transmission grating technology development for the Arcus x-ray spectrometer explorer},
 url = {https://doi.org/10.1117/12.2314180},
 year = {2018}
}

@article{DTRS,
 author = {{G\"unther}, Hans M. and {DeRoo}, Casey T. and {Heilmann}, Ralf K. and {Hertz}, Edward},
 journal = {\apj},
 title = {{Concept of a Double Tilted Rowland Spectrograph for X-rays}},
 year = {submitted}
}

@article{IPython,
 adsnote = {Provided by the SAO/NASA Astrophysics Data System},
 adsurl = {https://ui.adsabs.harvard.edu/abs/2007CSE.....9c..21P},
 author = {{Perez}, Fernando and {Granger}, Brian E.},
 doi = {10.1109/MCSE.2007.53},
 journal = {Computing in Science and Engineering},
 month = {January},
 number = {3},
 pages = {21-29},
 title = {{IPython: A System for Interactive Scientific Computing}},
 volume = {9},
 year = {2007}
}

@misc{marxs1.1,
 author = {Hans Moritz G\"unther and Jason Frost and
and Adam Theriault-Shay},
 doi = {10.5281/zenodo.829911},
 month = {Jul},
 publisher = {Zenodo},
 title = {Chandra-MARX/marxs: v1.1},
 url = {https://doi.org/10.5281/zenodo.829911},
 year = {2017}
}

@misc{marxs2.0,
  author    = {Hans Moritz Günther and Jason Frost and Adam Theriault-Shay},
  title     = {Chandra-MARX/marxs: v2.0},
  month     = may,
  year      = 2024,
  publisher = {Zenodo},
  version   = {v2.0},
  doi       = {10.5281/zenodo.11104969},
  url       = {https://doi.org/10.5281/zenodo.11104969}
}

@article{numpy,
 adsnote = {Provided by the SAO/NASA Astrophysics Data System},
 adsurl = {https://ui.adsabs.harvard.edu/abs/2011CSE....13b..22V},
 archiveprefix = {arXiv},
 author = {{van der Walt}, St{\'e}fan and {Colbert}, S. Chris and {Varoquaux}, Ga{\"e}l},
 doi = {10.1109/MCSE.2011.37},
 eprint = {1102.1523},
 journal = {Computing in Science and Engineering},
 keywords = {Computer Science - Mathematical Software},
 month = {March},
 number = {2},
 pages = {22-30},
 primaryclass = {cs.MS},
 title = {{The NumPy Array: A Structure for Efficient Numerical Computation}},
 volume = {13},
 year = {2011}
}

@article{Tawaetal2008,
 author = {{Tawa}, N. and {Hayashida}, K. and {Nagai}, M. and {Nakamoto}, H. and {Tsunemi}, H. and {Yamaguchi}, H. and {Ishisaki}, Y. and {Miller}, E.~D. and {Mizuno}, T. and {Dotani}, T. and {Ozaki}, M. and {Katayama}, H.},
 journal = {\pasj},
 month = {February},
 pages = {11-+},
 title = {{Reproducibility of Non-X-Ray Background for the X-Ray Imaging Spectrometer aboard Suzaku}},
 volume = {60},
 year = {2008}
}
@incollection{2022hxga.book...57S,
  author    = {{Schneider}, P. Christian and {G{\"u}nther}, H. Moritz and {Ustamujic}, Sabina},
  title     = {{Pre-main Sequence: Accretion and Outflows}},
  keywords  = {Astrophysics - Solar and Stellar Astrophysics, Astrophysics - High Energy Astrophysical Phenomena},
  booktitle = {Handbook of X-ray and Gamma-ray Astrophysics},
  editor    = {C. Bambi and A. Santangelo},
  year      = 2022,
  eid       = {57},
  pages     = {57},
  doi       = {10.1007/978-981-16-4544-0\_81-1},
  adsurl    = {https://ui.adsabs.harvard.edu/abs/2022hxga.book...57S},
  adsnote   = {Provided by the SAO/NASA Astrophysics Data System},
  publisher = {Springer Nature}
}


@proceedings{Miller2023,
  author        = {Eric D. Miller and Marshall W. Bautz and Catherine E. Grant and Richard Foster and Beverly LaMarr and Andrew Malonis and Gregory Prigozhin and Benjamin Schneider and Christopher Leitz and Sven Herrmann and Steven W. Allen and Tanmoy Chattopadhyay and Peter Orel and Glenn R. Morris and Haley Stueber and Abraham D. Falcone and Andrew Ptak and Christopher Reynolds},
  booktitle     = {Proc.SPIE},
  date          = {2023/10/5},
  date-added    = {2024-04-30 14:05:56 -0400},
  date-modified = {2024-04-30 14:05:56 -0400},
  doi           = {10.1117/12.2676838},
  month         = {10},
  pages         = {1267816 },
  title         = {The high-speed x-ray camera on AXIS},
  url           = {https://doi.org/10.1117/12.2676838},
  volume        = {12678},
  year          = {2023},
  bdsk-url-1    = {https://doi.org/10.1117/12.2676838}
}
