@string{june = {June}}

@inproceedings{1986SPIE..560...96H,
 adsnote = {Provided by the SAO/NASA Astrophysics Data System},
 adsurl = {https://ui.adsabs.harvard.edu/abs/1986SPIE..560...96H},
 author = {{Hettrick}, Michael C.},
 booktitle = {Society of Photo-Optical Instrumentation Engineers (SPIE) Conference Series},
 doi = {10.1117/12.949620},
 month = {May},
 pages = {96-108},
 series = {Society of Photo-Optical Instrumentation Engineers (SPIE) Conference Series},
 title = {{Varied Line-Space Gratings: Past, Present And Future}},
 volume = {560},
 year = {1986}
}

@article{1987ApOpt..26.2915C,
 adsnote = {Provided by the SAO/NASA Astrophysics Data System},
 adsurl = {https://ui.adsabs.harvard.edu/abs/1987ApOpt..26.2915C},
 author = {{Cash}, Webster},
 doi = {10.1364/AO.26.002915},
 journal = {\ao},
 keywords = {Grazing Incidence, Image Processing, Image Resolution, X Ray Imagery, Apertures, Grazing Incidence Telescopes, Image Reconstruction, Pixels, X Ray Telescopes, Optics, X RAYS, MIRRORS, SCATTERING, TELESCOPES},
 month = {July},
 number = {14},
 pages = {2915-2920},
 title = {{X-ray optics: a technique for high resolution imaging}},
 volume = {26},
 year = {1987}
}

@inproceedings{1997SPIE.3113..172P,
 adsnote = {Provided by the SAO/NASA Astrophysics Data System},
 adsurl = {https://ui.adsabs.harvard.edu/abs/1997SPIE.3113..172P},
 author = {{Predehl}, Peter and {Braeuninger}, Heinrich W. and {Brinkman}, Albert C. and {Dewey}, Daniel and {Drake}, Jeremy J. and {Flanagan}, Kathryn A. and {Gunsing}, Theo and {Hartner}, Gisela D. and {Juda}, Jiahong Z. and {Juda}, Michael and {Kaastra}, Jelle S. and {Marshall}, Herman L. and {Swartz}, Douglas A.},
 booktitle = {Grazing Incidence and Multilayer X-Ray Optical Systems},
 doi = {10.1117/12.278845},
 editor = {{Hoover}, Richard B. and {Walker}, Arthur B.},
 month = {July},
 pages = {172-180},
 series = {Society of Photo-Optical Instrumentation Engineers (SPIE) Conference Series},
 title = {{X-ray calibration of the AXAF Low Energy Transmission Grating Spectrometer: effective area}},
 volume = {3113},
 year = {1997}
}

@article{2000ApJ...538L...1M,
 adsnote = {Provided by the SAO/NASA Astrophysics Data System},
 adsurl = {https://ui.adsabs.harvard.edu/abs/2000ApJ...538L...1M},
 archiveprefix = {arXiv},
 author = {{Moos}, H.~W. and {Cash}, W.~C. and {Cowie}, L.~L. and {Davidsen}, A.~F. and {Dupree}, A.~K. and {Feldman}, P.~D. and {Friedman}, S.~D. and {Green}, J.~C. and {Green}, R.~F. and {Gry}, C. and {Hutchings}, J.~B. and {Jenkins}, E.~B. and {Linsky}, J.~L. and {Malina}, R.~F. and {Michalitsianos}, A.~G. and {Savage}, B.~D. and {Shull}, J.~M. and {Siegmund}, O.~H.~W. and {Snow}, T.~P. and {Sonneborn}, G. and {Vidal-Madjar}, A. and {Willis}, A.~J. and {Woodgate}, B.~E. and {York}, D.~G. and {Ake}, T.~B. and {Andersson}, B. -G. and {Andrews}, J.~P. and {Barkhouser}, R.~H. and {Bianchi}, L. and {Blair}, W.~P. and {Brownsberger}, K.~R. and {Cha}, A.~N. and {Chayer}, P. and {Conard}, S.~J. and {Fullerton}, A.~W. and {Gaines}, G.~A. and {Grange}, R. and {Gummin}, M.~A. and {Hebrard}, G. and {Kriss}, G.~A. and {Kruk}, J.~W. and {Mark}, D. and {McCarthy}, D.~K. and {Morbey}, C.~L. and {Murowinski}, R. and {Murphy}, E.~M. and {Oegerle}, W.~R. and {Ohl}, R.~G. and {Oliveira}, C. and {Osterman}, S.~N. and {Sahnow}, D.~J. and {Saisse}, M. and {Sembach}, K.~R. and {Weaver}, H.~A. and {Welsh}, B.~Y. and {Wilkinson}, E. and {Zheng}, W.},
 doi = {10.1086/312795},
 eprint = {astro-ph/0005529},
 journal = {\apjl},
 keywords = {Instrumentation: Spectrographs, Space Vehicles, Telescopes, Ultraviolet: General, Astrophysics},
 month = {July},
 number = {1},
 pages = {L1-L6},
 primaryclass = {astro-ph},
 title = {{Overview of the Far Ultraviolet Spectroscopic Explorer Mission}},
 volume = {538},
 year = {2000}
}

@article{2001A&A...365L...7D,
 adsnote = {Provided by the SAO/NASA Astrophysics Data System},
 adsurl = {https://ui.adsabs.harvard.edu/abs/2001A&A...365L...7D},
 author = {{den Herder}, J.~W. and {Brinkman}, A.~C. and {Kahn}, S.~M. and {Branduardi-Raymont}, G. and {Thomsen}, K. and {Aarts}, H. and {Audard}, M. and {Bixler}, J.~V. and {den Boggende}, A.~J. and {Cottam}, J. and {Decker}, T. and {Dubbeldam}, L. and {Erd}, C. and {Goulooze}, H. and {G{\"u}del}, M. and {Guttridge}, P. and {Hailey}, C.~J. and {Janabi}, K. Al and {Kaastra}, J.~S. and {de Korte}, P.~A.~J. and {van Leeuwen}, B.~J. and {Mauche}, C. and {McCalden}, A.~J. and {Mewe}, R. and {Naber}, A. and {Paerels}, F.~B. and {Peterson}, J.~R. and {Rasmussen}, A.~P. and {Rees}, K. and {Sakelliou}, I. and {Sako}, M. and {Spodek}, J. and {Stern}, M. and {Tamura}, T. and {Tandy}, J. and {de Vries}, C.~P. and {Welch}, S. and {Zehnder}, A.},
 doi = {10.1051/0004-6361:20000058},
 journal = {\aap},
 keywords = {SPACE VEHICLES: INSTRUMENTS, REFLECTION GRATINGS, \textbackslashTEXTIT\{XMM-NEWTON\}},
 month = {January},
 pages = {L7-L17},
 title = {{The Reflection Grating Spectrometer on board XMM-Newton}},
 volume = {365},
 year = {2001}
}

@article{2005PASP..117.1144C,
 adsnote = {Provided by the SAO/NASA Astrophysics Data System},
 adsurl = {https://ui.adsabs.harvard.edu/abs/2005PASP..117.1144C},
 archiveprefix = {arXiv},
 author = {{Canizares}, Claude R. and {Davis}, John E. and {Dewey}, Daniel and {Flanagan}, Kathryn A. and {Galton}, Eugene B. and {Huenemoerder}, David P. and {Ishibashi}, Kazunori and {Markert}, Thomas H. and {Marshall}, Herman L. and {McGuirk}, Michael and {Schattenburg}, Mark L. and {Schulz}, Norbert S. and {Smith}, Henry I. and {Wise}, Michael},
 doi = {10.1086/432898},
 eprint = {astro-ph/0507035},
 journal = {\pasp},
 keywords = {space vehicles: instruments, Instrumentation: Spectrographs, X-Rays: General, methods: laboratory, Techniques: Spectroscopic, Astrophysics},
 month = {October},
 number = {836},
 pages = {1144-1171},
 primaryclass = {astro-ph},
 title = {{The Chandra High-Energy Transmission Grating: Design, Fabrication, Ground Calibration, and 5 Years in Flight}},
 volume = {117},
 year = {2005}
}

@article{2008A&A...491..859L,
 adsnote = {Provided by the SAO/NASA Astrophysics Data System},
 adsurl = {https://ui.adsabs.harvard.edu/abs/2008A&A...491..859L},
 archiveprefix = {arXiv},
 author = {{Liefke}, C. and {Ness}, J. -U. and {Schmitt}, J.~H.~M.~M. and {Maggio}, A.},
 doi = {10.1051/0004-6361:200810054},
 eprint = {0810.0150},
 journal = {\aap},
 keywords = {stars: abundances, stars: activity, stars: coronae, stars: late-type, stars: individual: EQ Pegasi, X-rays: stars, Astrophysics},
 month = {December},
 number = {3},
 pages = {859-872},
 primaryclass = {astro-ph},
 title = {{Coronal properties of the EQ Pegasi binary system}},
 volume = {491},
 year = {2008}
}

@inproceedings{2010SPIE.7732E..1JH,
 adsnote = {Provided by the SAO/NASA Astrophysics Data System},
 adsurl = {https://ui.adsabs.harvard.edu/abs/2010SPIE.7732E..1JH},
 author = {{Heilmann}, Ralf K. and {Davis}, John E. and {Dewey}, Daniel and {Bautz}, Mark W. and {Foster}, Rick and {Bruccoleri}, Alex and {Mukherjee}, Pran and {Robinson}, David and {Huenemoerder}, David P. and {Marshall}, Herman L. and {Schattenburg}, Mark L. and {Schulz}, Norbert S. and {Guo}, L. Jay and {Kaplan}, Alex F. and {Schweikart}, Russell B.},
 booktitle = {Space Telescopes and Instrumentation 2010: Ultraviolet to Gamma Ray},
 doi = {10.1117/12.856482},
 editor = {{Arnaud}, Monique and {Murray}, Stephen S. and {Takahashi}, Tadayuki},
 eid = {77321J},
 month = {July},
 pages = {77321J},
 series = {Society of Photo-Optical Instrumentation Engineers (SPIE) Conference Series},
 title = {{Critical-angle transmission grating spectrometer for high-resolution soft x-ray spectroscopy on the International X-ray Observatory}},
 volume = {7732},
 year = {2010}
}

@article{2010SSRv..157...15P,
 adsnote = {Provided by the SAO/NASA Astrophysics Data System},
 adsurl = {https://ui.adsabs.harvard.edu/abs/2010SSRv..157...15P},
 author = {{Paerels}, Frits},
 doi = {10.1007/s11214-010-9719-y},
 journal = {\ssr},
 keywords = {Diffraction gratings, Spectrometers: X-ray, X-ray spectroscopy, Astronomical observations},
 month = {December},
 number = {1-4},
 pages = {15-24},
 title = {{X-ray Diffraction Gratings for Astrophysics}},
 volume = {157},
 year = {2010}
}

@article{2013A&A...558A..33A,
 adsnote = {Provided by the SAO/NASA Astrophysics Data System},
 adsurl = {https://ui.adsabs.harvard.edu/abs/2013A&A...558A..33A},
 archiveprefix = {arXiv},
 author = {{Astropy Collaboration} and {Robitaille}, Thomas P. and {Tollerud}, Erik J. and {Greenfield}, Perry and {Droettboom}, Michael and {Bray}, Erik and {Aldcroft}, Tom and {Davis}, Matt and {Ginsburg}, Adam and {Price-Whelan}, Adrian M. and {Kerzendorf}, Wolfgang E. and {Conley}, Alexander and {Crighton}, Neil and {Barbary}, Kyle and {Muna}, Demitri and {Ferguson}, Henry and {Grollier}, Fr{\'e}d{\'e}ric and {Parikh}, Madhura M. and {Nair}, Prasanth H. and {Unther}, Hans M. and {Deil}, Christoph and {Woillez}, Julien and {Conseil}, Simon and {Kramer}, Roban and {Turner}, James E.~H. and {Singer}, Leo and {Fox}, Ryan and {Weaver}, Benjamin A. and {Zabalza}, Victor and {Edwards}, Zachary I. and {Azalee Bostroem}, K. and {Burke}, D.~J. and {Casey}, Andrew R. and {Crawford}, Steven M. and {Dencheva}, Nadia and {Ely}, Justin and {Jenness}, Tim and {Labrie}, Kathleen and {Lim}, Pey Lian and {Pierfederici}, Francesco and {Pontzen}, Andrew and {Ptak}, Andy and {Refsdal}, Brian and {Servillat}, Mathieu and {Streicher}, Ole},
 doi = {10.1051/0004-6361/201322068},
 eid = {A33},
 eprint = {1307.6212},
 journal = {\aap},
 keywords = {methods: data analysis, methods: miscellaneous, virtual observatory tools, Astrophysics - Instrumentation and Methods for Astrophysics},
 month = {October},
 pages = {A33},
 primaryclass = {astro-ph.IM},
 title = {{Astropy: A community Python package for astronomy}},
 volume = {558},
 year = {2013}
}

@inproceedings{2014SPIE.9144E..2AM,
 adsnote = {Provided by the SAO/NASA Astrophysics Data System},
 adsurl = {https://ui.adsabs.harvard.edu/abs/2014SPIE.9144E..2AM},
 author = {{Mitsuda}, Kazuhisa and {Kelley}, Richard L. and {Akamatsu}, Hiroki and {Bialas}, Thomas and {Boyce}, Kevin R. and {Brown}, Gregory V. and {Canavan}, Edgar and {Chiao}, Meng and {Costantini}, Elisa and {den Herder}, Jan-Willem and {de Vries}, Cor and {DiPirro}, Michael J. and {Eckart}, Megan E. and {Ezoe}, Yuichiro and {Fujimoto}, Ryuichi and {Haas}, Daniel and {Hoshino}, Akio and {Ishikawa}, Kumi and {Ishisaki}, Yoshitaka and {Iyomoto}, Naoko and {Kilbourne}, Caroline A. and {Kimball}, Mark and {Kitamoto}, Shunji and {Konami}, Saori and {Leutenegger}, Maurice A. and {McCammon}, Dan and {Miko}, Joseph and {Mitsuishi}, Ikuyuki and {Murakami}, Hiroshi and {Murakami}, Masahide and {Noda}, Hirofumi and {Ogawa}, Mina and {Ohashi}, Takaya and {Okamoto}, Atsushi and {Ota}, Naomi and {Paltani}, St{\'e}phane and {Porter}, F. Scott and {Sato}, Kosuke and {Sato}, Yoichi and {Sawada}, Makoto and {Seta}, Hiromi and {Shinozaki}, Keisuke and {Shirron}, Peter J. and {Sneiderman}, Gary A. and {Sugita}, Hiroyuki and {Szymkowiak}, Andrew and {Takei}, Yoh and {Tamagawa}, Toru and {Tashiro}, Makoto S. and {Terada}, Yukikatsu and {Tsujimoto}, Masahiro and {Yamada}, Shinya and {Yamasaki}, Noriko Y.},
 booktitle = {Space Telescopes and Instrumentation 2014: Ultraviolet to Gamma Ray},
 doi = {10.1117/12.2057199},
 editor = {{Takahashi}, Tadayuki and {den Herder}, Jan-Willem A. and {Bautz}, Mark},
 eid = {91442A},
 month = {July},
 pages = {91442A},
 series = {Society of Photo-Optical Instrumentation Engineers (SPIE) Conference Series},
 title = {{Soft x-ray spectrometer (SXS): the high-resolution cryogenic spectrometer onboard ASTRO-H}},
 volume = {9144},
 year = {2014}
}

@inproceedings{2014SPIE.9144E..2LR,
 adsnote = {Provided by the SAO/NASA Astrophysics Data System},
 adsurl = {https://ui.adsabs.harvard.edu/abs/2014SPIE.9144E..2LR},
 author = {{Ravera}, Laurent and {Barret}, Didier and {den Herder}, Jan Willem and {Piro}, Luigi and {Cl{\'e}dassou}, Rodolphe and {Pointecouteau}, Etienne and {Peille}, Philippe and {Pajot}, Francois and {Arnaud}, Monique and {Pigot}, Claude and {Duband}, Lionel and {Cara}, Christophe and {den Hartog}, Roland H. and {Gottardi}, Luciano and {Akamatsu}, Hiroki and {van der Kuur}, Jan and {van Weers}, Henk J. and {de Plaa}, Jelle and {Macculi}, Claudia and {Lotti}, Simone and {Torrioli}, Guido and {Gatti}, Flavio and {Valenziano}, Luca and {Barbera}, Marco and {Barcons}, Xavier and {Ceballos}, Mar{\'\i}a. Teresa and {F{\`a}brega}, Lourdes and {Mas-Hesse}, Jos{\'e} Miguel and {Page}, Mathew J. and {Guttridge}, Phillip R. and {Willingale}, Richard and {Paltani}, St{\'e}phane and {Genolet}, Ludovic and {Bozzo}, Enrico and {Rauw}, Gregor and {Renotte}, Etienne and {Wilms}, J{\"o}rn and {Schmid}, Christian},
 booktitle = {Space Telescopes and Instrumentation 2014: Ultraviolet to Gamma Ray},
 doi = {10.1117/12.2055884},
 editor = {{Takahashi}, Tadayuki and {den Herder}, Jan-Willem A. and {Bautz}, Mark},
 eid = {91442L},
 month = {July},
 pages = {91442L},
 series = {Society of Photo-Optical Instrumentation Engineers (SPIE) Conference Series},
 title = {{The X-ray Integral Field Unit (X-IFU) for Athena}},
 volume = {9144},
 year = {2014}
}

@article{2016Natur.535..117H,
 adsnote = {Provided by the SAO/NASA Astrophysics Data System},
 adsurl = {https://ui.adsabs.harvard.edu/abs/2016Natur.535..117H},
 archiveprefix = {arXiv},
 author = {{Hitomi Collaboration} and {Aharonian}, Felix and {Akamatsu}, Hiroki and {Akimoto}, Fumie and {Allen}, Steven W. and {Anabuki}, Naohisa and {Angelini}, Lorella and {Arnaud}, Keith and {Audard}, Marc and {Awaki}, Hisamitsu and et al.},
 doi = {10.1038/nature18627},
 eprint = {1607.04487},
 journal = {\nat},
 keywords = {Astrophysics - Astrophysics of Galaxies, Astrophysics - Cosmology and Nongalactic Astrophysics, Astrophysics - High Energy Astrophysical Phenomena},
 month = {July},
 number = {7610},
 pages = {117-121},
 primaryclass = {astro-ph.GA},
 title = {{The quiescent intracluster medium in the core of the Perseus cluster}},
 volume = {535},
 year = {2016}
}

@article{2017AJ....154..243G,
 adsnote = {Provided by the SAO/NASA Astrophysics Data System},
 adsurl = {https://ui.adsabs.harvard.edu/abs/2017AJ....154..243G},
 archiveprefix = {arXiv},
 author = {{G{\"u}nther}, Hans Moritz and {Frost}, Jason and {Theriault-Shay}, Adam},
 doi = {10.3847/1538-3881/aa943b},
 eid = {243},
 eprint = {1710.05226},
 journal = {\aj},
 keywords = {instrumentation: polarimeters, instrumentation: spectrographs, methods: numerical, telescopes, Astrophysics - Instrumentation and Methods for Astrophysics},
 month = {December},
 number = {6},
 pages = {243},
 primaryclass = {astro-ph.IM},
 title = {{MARXS: A Modular Software to Ray-trace X-Ray Instrumentation}},
 volume = {154},
 year = {2017}
}

@inproceedings{2017SPIE10397E..0PG,
 adsnote = {Provided by the SAO/NASA Astrophysics Data System},
 adsurl = {https://ui.adsabs.harvard.edu/abs/2017SPIE10397E..0PG},
 author = {{G{\"u}nther}, Hans M. and {Cheimets}, P.~N. and {Heilmann}, R.~K. and {Smith}, R.~K.},
 booktitle = {Society of Photo-Optical Instrumentation Engineers (SPIE) Conference Series},
 doi = {10.1117/12.2273011},
 editor = {{Siegmund}, Oswald H.},
 eid = {103970P},
 month = {August},
 pages = {103970P},
 series = {Society of Photo-Optical Instrumentation Engineers (SPIE) Conference Series},
 title = {{Performance of a double tilted-Rowland-spectrometer on Arcus}},
 volume = {10397},
 year = {2017}
}

@article{2018AJ....156..123A,
 adsnote = {Provided by the SAO/NASA Astrophysics Data System},
 adsurl = {https://ui.adsabs.harvard.edu/abs/2018AJ....156..123A},
 archiveprefix = {arXiv},
 author = {{Astropy Collaboration} and {Price-Whelan}, A.~M. and {Sip{\H{o}}cz}, B.~M. and {G{\"u}nther}, H.~M. and {Lim}, P.~L. and {Crawford}, S.~M. and {Conseil}, S. and {Shupe}, D.~L. and {Craig}, M.~W. and {Dencheva}, N. and {Ginsburg}, A. and {VanderPlas}, J.~T. and {Bradley}, L.~D. and {P{\'e}rez-Su{\'a}rez}, D. and {de Val-Borro}, M. and {Aldcroft}, T.~L. and {Cruz}, K.~L. and {Robitaille}, T.~P. and {Tollerud}, E.~J. and {Ardelean}, C. and {Babej}, T. and {Bach}, Y.~P. and {Bachetti}, M. and {Bakanov}, A.~V. and {Bamford}, S.~P. and {Barentsen}, G. and {Barmby}, P. and {Baumbach}, A. and {Berry}, K.~L. and {Biscani}, F. and {Boquien}, M. and {Bostroem}, K.~A. and {Bouma}, L.~G. and {Brammer}, G.~B. and {Bray}, E.~M. and {Breytenbach}, H. and {Buddelmeijer}, H. and {Burke}, D.~J. and {Calderone}, G. and {Cano Rodr{\'\i}guez}, J.~L. and {Cara}, M. and {Cardoso}, J.~V.~M. and {Cheedella}, S. and {Copin}, Y. and {Corrales}, L. and {Crichton}, D. and {D'Avella}, D. and {Deil}, C. and {Depagne}, {\'E}. and {Dietrich}, J.~P. and {Donath}, A. and {Droettboom}, M. and {Earl}, N. and {Erben}, T. and {Fabbro}, S. and {Ferreira}, L.~A. and {Finethy}, T. and {Fox}, R.~T. and {Garrison}, L.~H. and {Gibbons}, S.~L.~J. and {Goldstein}, D.~A. and {Gommers}, R. and {Greco}, J.~P. and {Greenfield}, P. and {Groener}, A.~M. and {Grollier}, F. and {Hagen}, A. and {Hirst}, P. and {Homeier}, D. and {Horton}, A.~J. and {Hosseinzadeh}, G. and {Hu}, L. and {Hunkeler}, J.~S. and {Ivezi{\'c}}, {\v{Z}}. and {Jain}, A. and {Jenness}, T. and {Kanarek}, G. and {Kendrew}, S. and {Kern}, N.~S. and {Kerzendorf}, W.~E. and {Khvalko}, A. and {King}, J. and {Kirkby}, D. and {Kulkarni}, A.~M. and {Kumar}, A. and {Lee}, A. and {Lenz}, D. and {Littlefair}, S.~P. and {Ma}, Z. and {Macleod}, D.~M. and {Mastropietro}, M. and {McCully}, C. and {Montagnac}, S. and {Morris}, B.~M. and {Mueller}, M. and {Mumford}, S.~J. and {Muna}, D. and {Murphy}, N.~A. and {Nelson}, S. and {Nguyen}, G.~H. and {Ninan}, J.~P. and {N{\"o}the}, M. and {Ogaz}, S. and {Oh}, S. and {Parejko}, J.~K. and {Parley}, N. and {Pascual}, S. and {Patil}, R. and {Patil}, A.~A. and {Plunkett}, A.~L. and {Prochaska}, J.~X. and {Rastogi}, T. and {Reddy Janga}, V. and {Sabater}, J. and {Sakurikar}, P. and {Seifert}, M. and {Sherbert}, L.~E. and {Sherwood-Taylor}, H. and {Shih}, A.~Y. and {Sick}, J. and {Silbiger}, M.~T. and {Singanamalla}, S. and {Singer}, L.~P. and {Sladen}, P.~H. and {Sooley}, K.~A. and {Sornarajah}, S. and {Streicher}, O. and {Teuben}, P. and {Thomas}, S.~W. and {Tremblay}, G.~R. and {Turner}, J.~E.~H. and {Terr{\'o}n}, V. and {van Kerkwijk}, M.~H. and {de la Vega}, A. and {Watkins}, L.~L. and {Weaver}, B.~A. and {Whitmore}, J.~B. and {Woillez}, J. and {Zabalza}, V. and {Astropy Contributors}},
 doi = {10.3847/1538-3881/aabc4f},
 eid = {123},
 eprint = {1801.02634},
 journal = {\aj},
 keywords = {methods: data analysis, methods: miscellaneous, methods: statistical, reference systems, Astrophysics - Instrumentation and Methods for Astrophysics},
 month = {September},
 number = {3},
 pages = {123},
 primaryclass = {astro-ph.IM},
 title = {{The Astropy Project: Building an Open-science Project and Status of the v2.0 Core Package}},
 volume = {156},
 year = {2018}
}

@article{2018JATIS...4a1214K,
 adsnote = {Provided by the SAO/NASA Astrophysics Data System},
 adsurl = {https://ui.adsabs.harvard.edu/abs/2018JATIS...4a1214K},
 author = {{Kilbourne}, Caroline A. and {Adams}, Joseph S. and {Brekosky}, Regis P. and {Chervenak}, James A. and {Chiao}, Meng P. and {Eckart}, Megan E. and {Figueroa-Feliciano}, Enectali and {Galeazzi}, Masimilliano and {Grein}, Christoph and {Jhabvala}, Christine A. and {Kelly}, Daniel and {Leutenegger}, Maurice A. and {McCammon}, Dan and {Scott Porter}, F. and {Szymkowiak}, Andrew E. and {Watanabe}, Tomomi and {Zhao}, Jun},
 doi = {10.1117/1.JATIS.4.1.011214},
 eid = {011214},
 journal = {Journal of Astronomical Telescopes, Instruments, and Systems},
 month = {January},
 pages = {011214},
 title = {{Design, implementation, and performance of the Astro-H SXS calorimeter array and anticoincidence detector}},
 volume = {4},
 year = {2018}
}

@inproceedings{2018SPIE10699E..6FG,
 adsnote = {Provided by the SAO/NASA Astrophysics Data System},
 adsurl = {https://ui.adsabs.harvard.edu/abs/2018SPIE10699E..6FG},
 author = {{G{\"u}nther}, Hans M. and {DeRoo}, C. and {Heilmann}, R.~K. and {Hertz}, E. and {Smith}, R.~K. and {Wilms}, J.},
 booktitle = {Space Telescopes and Instrumentation 2018: Ultraviolet to Gamma Ray},
 doi = {10.1117/12.2312678},
 editor = {{den Herder}, Jan-Willem A. and {Nikzad}, Shouleh and {Nakazawa}, Kazuhiro},
 eid = {106996F},
 month = {July},
 pages = {106996F},
 series = {Society of Photo-Optical Instrumentation Engineers (SPIE) Conference Series},
 title = {{Ray-tracing Arcus in phase A}},
 volume = {10699},
 year = {2018}
}

@article{2019JATIS...5b1017B,
 adsnote = {Provided by the SAO/NASA Astrophysics Data System},
 adsurl = {https://ui.adsabs.harvard.edu/abs/2019JATIS...5b1017B},
 author = {{Bandler}, Simon R. and {Chervenak}, James A. and {Datesman}, Aaron M. and {Devasia}, Archana M. and {DiPirro}, Michael and {Sakai}, Kazuhiro and {Smith}, Stephen J. and {Stevenson}, Thomas R. and {Yoon}, Wonsik and {Bennett}, Douglas and {Mates}, Benjamin and {Swetz}, Daniel and {Ullom}, Joel N. and {Irwin}, Kent D. and {Eckart}, Megan E. and {Figueroa-Feliciano}, Enectali and {McCammon}, Dan and {Ryu}, Kevin and {Olson}, Jeffrey and {Zeiger}, Ben},
 doi = {10.1117/1.JATIS.5.2.021017},
 eid = {021017},
 journal = {Journal of Astronomical Telescopes, Instruments, and Systems},
 month = {April},
 pages = {021017},
 title = {{Lynx x-ray microcalorimeter}},
 volume = {5},
 year = {2019}
}

@inproceedings{2019SPIE11118E..11G,
 adsnote = {Provided by the SAO/NASA Astrophysics Data System},
 adsurl = {https://ui.adsabs.harvard.edu/abs/2019SPIE11118E..11G},
 author = {{Garner}, Alan and {Marshall}, Herman L. and {Trowbridge Heine}, Sarah N. and {Heilmann}, Ralf K. and {Song}, Jungki and {Schulz}, Norbert S. and {LaMarr}, Beverly J. and {Egan}, Mark},
 booktitle = {UV, X-Ray, and Gamma-Ray Space Instrumentation for Astronomy XXI},
 doi = {10.1117/12.2529607},
 editor = {{Siegmund}, Oswald H.},
 eid = {1111811},
 month = {September},
 pages = {1111811},
 series = {Society of Photo-Optical Instrumentation Engineers (SPIE) Conference Series},
 title = {{Component testing for x-ray spectroscopy and polarimetry}},
 volume = {11118},
 year = {2019}
}

@inproceedings{2020SPIE11444E..88G,
 adsnote = {Provided by the SAO/NASA Astrophysics Data System},
 adsurl = {https://ui.adsabs.harvard.edu/abs/2020SPIE11444E..88G},
 archiveprefix = {arXiv},
 author = {{G{\"u}nther}, Hans Moritz and {Heilmann}, Ralf K.},
 booktitle = {Space Telescopes and Instrumentation 2020: Ultraviolet to Gamma Ray},
 doi = {10.1117/12.2562878},
 editor = {{den Herder}, Jan-Willem A. and {Nikzad}, Shouleh and {Nakazawa}, Kazuhiro},
 eid = {1144488},
 eprint = {2011.14862},
 keywords = {Astrophysics - Instrumentation and Methods for Astrophysics},
 month = {December},
 pages = {1144488},
 primaryclass = {astro-ph.IM},
 series = {Society of Photo-Optical Instrumentation Engineers (SPIE) Conference Series},
 title = {{Lynx grating spectrometer design: optimizing chirped transmission gratings}},
 volume = {11444},
 year = {2020}
}

@article{2019JATIS...5b1003G,
  author  = {{G{\"u}nther}, Hans Moritz and {Heilmann}, Ralf K.},
  title   = {{Lynx soft x-ray critical-angle transmission grating spectrometer}},
  journal = {Journal of Astronomical Telescopes, Instruments, and Systems},
  year    = 2019,
  month   = apr,
  volume  = {5},
  eid     = {021003},
  pages   = {021003},
  doi     = {10.1117/1.JATIS.5.2.021003},
  adsurl  = {https://ui.adsabs.harvard.edu/abs/2019JATIS...5b1003G},
  adsnote = {Provided by the SAO/NASA Astrophysics Data System}
}



@incollection{2021hai4.book..235H,
 adsnote = {Provided by the SAO/NASA Astrophysics Data System},
 adsurl = {https://ui.adsabs.harvard.edu/abs/2021hai4.book..235H},
 author = {{Huenemoerder}, David P. and {Heilmann}, Ralf K.},
 booktitle = {The WSPC Handbook of Astronomical Instrumentation, Volume 4: X-Ray Astronomical Instrumentation,},
 doi = {10.1142/9789811203800_0012},
 pages = {235-252},
 title = {{Critical Angle Transmission Grating Spectrometers}},
 year = {2021}
}

@inproceedings{2021SPIE11822E..15H,
 adsnote = {Provided by the SAO/NASA Astrophysics Data System},
 adsurl = {https://ui.adsabs.harvard.edu/abs/2021SPIE11822E..15H},
 author = {{Heilmann}, Ralf K. and {Bruccoleri}, Alexander R. and {Song}, Jungki and {Levenson}, Bethany and {Smallshaw}, Brian and {Whalen}, Mallory and {Garner}, Alan and {Trowbridge Heine}, Sarah and {Marshall}, Herman L. and {Cook}, Matthew T. and {Gregory}, James A. and {Lambert}, Renee D. and {Shapiro}, Dmitri and {Young}, Douglas J. and {Gullikson}, Eric M. and {Nonaka}, Tomoyuki and {Uchida}, Akimi and {Quijada}, Manuel A. and {Hertz}, Ed and {Cheimets}, Peter and {Smith}, Randall K. and {Schattenburg}, Mark L.},
 booktitle = {Optics for EUV, X-Ray, and Gamma-Ray Astronomy X},
 doi = {10.1117/12.2594951},
 editor = {{O'Dell}, Stephen L. and {Gaskin}, Jessica A. and {Pareschi}, Giovanni},
 eid = {1182215},
 month = {August},
 pages = {1182215},
 series = {Society of Photo-Optical Instrumentation Engineers (SPIE) Conference Series},
 title = {{Manufacture and performance of blazed soft x-ray transmission gratings for Arcus and Lynx}},
 volume = {11822},
 year = {2021}
}

@article{2022ApJ...934..171H,
 adsnote = {Provided by the SAO/NASA Astrophysics Data System},
 adsurl = {https://ui.adsabs.harvard.edu/abs/2022ApJ...934..171H},
 archiveprefix = {arXiv},
 author = {{Heilmann}, Ralf K. and {Bruccoleri}, Alexander R. and {Burwitz}, Vadim and {DeRoo}, Casey and {Garner}, Alan and {G{\"u}nther}, Hans Moritz and {Gullikson}, Eric M. and {Hartner}, Gisela and {Hertz}, Edward and {Langmeier}, Andreas and {M{\"u}ller}, Thomas and {Rukdee}, Surangkhana and {Schmidt}, Thomas and {Smith}, Randall K. and {Schattenburg}, Mark L.},
 doi = {10.3847/1538-4357/ac7a3a},
 eid = {171},
 eprint = {2206.09013},
 journal = {\apj},
 keywords = {Warm-hot intergalactic medium, X-ray astronomy, X-ray telescopes, X-ray detectors, High resolution spectroscopy, Spectrometers, Supermassive black holes, Stellar accretion, Protoplanetary disks, Galaxy clusters, 1786, 1810, 1825, 1815, 2096, 1554, 1663, 1578, 1300, 584, Astrophysics - Instrumentation and Methods for Astrophysics},
 month = {August},
 number = {2},
 pages = {171},
 primaryclass = {astro-ph.IM},
 title = {{X-Ray Performance of Critical-angle Transmission Grating Prototypes for the Arcus Mission}},
 volume = {934},
 year = {2022}
}

@inproceedings{2023SPIE12678E..0ES,
 adsnote = {Provided by the SAO/NASA Astrophysics Data System},
 adsurl = {https://ui.adsabs.harvard.edu/abs/2023SPIE12678E..0ES},
 author = {{Smith}, Randall},
 booktitle = {UV, X-Ray, and Gamma-Ray Space Instrumentation for Astronomy XXIII},
 doi = {10.1117/12.2677764},
 editor = {{Siegmund}, Oswald H. and {Hoadley}, Keri},
 eid = {126780E},
 month = {October},
 pages = {126780E},
 series = {Society of Photo-Optical Instrumentation Engineers (SPIE) Conference Series},
 title = {{The Arcus probe mission}},
 volume = {12678},
 year = {2023}
}

@inproceedings{2023SPIE12678E..1DG,
 adsnote = {Provided by the SAO/NASA Astrophysics Data System},
 adsurl = {https://ui.adsabs.harvard.edu/abs/2023SPIE12678E..1DG},
 author = {{G{\"u}nther}, Hans Moritz and {Cheimets}, Peter and {Miller}, Eric D. and {DeRoo}, Casey and {Smith}, Randall K. and {Ptak}, Andrew and {Heilmann}, Ralf K.},
 booktitle = {UV, X-Ray, and Gamma-Ray Space Instrumentation for Astronomy XXIII},
 doi = {10.1117/12.2677455},
 editor = {{Siegmund}, Oswald H. and {Hoadley}, Keri},
 eid = {126781D},
 month = {October},
 pages = {126781D},
 series = {Society of Photo-Optical Instrumentation Engineers (SPIE) Conference Series},
 title = {{Arcus x-ray telescope performance and alignment}},
 volume = {12678},
 year = {2023}
}

@inproceedings{2023SPIE12679E..05G,
 adsnote = {Provided by the SAO/NASA Astrophysics Data System},
 adsurl = {https://ui.adsabs.harvard.edu/abs/2023SPIE12679E..05G},
 author = {{Girou}, David and {Keek}, Laurens and {Smith}, Randall K. and {McEntaffer}, Randall L. and {den Hartog}, Roland and {Bavdaz}, Marcos and {Ferreira}, Ivo and {Barri{\`e}re}, Nicolas M. and {Landgraf}, Boris and {Vacanti}, Giuseppe and {Collon}, Maximilien},
 booktitle = {Optics for EUV, X-Ray, and Gamma-Ray Astronomy XI},
 doi = {10.1117/12.2677388},
 editor = {{O'Dell}, Stephen L. and {Gaskin}, Jessica A. and {Pareschi}, Giovanni and {Spiga}, Daniele},
 eid = {1267905},
 month = {October},
 pages = {1267905},
 series = {Society of Photo-Optical Instrumentation Engineers (SPIE) Conference Series},
 title = {{Silicon pore optics: a mature and adaptable x-ray mirror technology}},
 volume = {12679},
 year = {2023}
}

@inproceedings{2023SPIE12679E..0LH,
 adsnote = {Provided by the SAO/NASA Astrophysics Data System},
 adsurl = {https://ui.adsabs.harvard.edu/abs/2023SPIE12679E..0LH},
 author = {{Heilmann}, Ralf K. and {Bruccoleri}, Alexander R. and {Gullikson}, Eric M. and {Smith}, Randall K. and {Schattenburg}, Mark L.},
 booktitle = {Optics for EUV, X-Ray, and Gamma-Ray Astronomy XI},
 doi = {10.1117/12.2676797},
 editor = {{O'Dell}, Stephen L. and {Gaskin}, Jessica A. and {Pareschi}, Giovanni and {Spiga}, Daniele},
 eid = {126790L},
 month = {October},
 pages = {126790L},
 series = {Society of Photo-Optical Instrumentation Engineers (SPIE) Conference Series},
 title = {{Soft x-ray performance and fabrication of flight-like blazed transmission gratings for the x-ray spectrometer on Arcus probe}},
 volume = {12679},
 year = {2023}
}

@article{Beuermann:78,
 adsnote = {Provided by the SAO/NASA Astrophysics Data System},
 adsurl = {https://ui.adsabs.harvard.edu/abs/1978ApOpt..17.2304B},
 author = {{Beuermann}, K.~P. and {Braeuninger}, H. and {Truemper}, J.},
 doi = {10.1364/AO.17.002304},
 journal = {\ao},
 keywords = {Aberration, Cosmic X Rays, Far Ultraviolet Radiation, Gratings (Spectra), Ultraviolet Spectroscopy, X Ray Spectroscopy, Ray Tracing, Satellite-Borne Instruments, Spaceborne Astronomy, Spacelab Payloads, Spectral Resolution, X Ray Telescopes, Instrumentation and Photography, ASTRONOMY, GRATINGS, X-RAYS, ULTRAVIOLET: EXTREME},
 month = {August},
 number = {15},
 pages = {2304-2309},
 title = {{Aberrations of a facet-type transmission grating for cosmic x-ray and XUV spectroscopy}},
 volume = {17},
 year = {1978}
}

@article{harris2020array,
 adsnote = {Provided by the SAO/NASA Astrophysics Data System},
 adsurl = {https://ui.adsabs.harvard.edu/abs/2020Natur.585..357H},
 archiveprefix = {arXiv},
 author = {{Harris}, Charles R. and {Millman}, K. Jarrod and {van der Walt}, St{\'e}fan J. and {Gommers}, Ralf and {Virtanen}, Pauli and {Cournapeau}, David and {Wieser}, Eric and {Taylor}, Julian and {Berg}, Sebastian and {Smith}, Nathaniel J. and {Kern}, Robert and {Picus}, Matti and {Hoyer}, Stephan and {van Kerkwijk}, Marten H. and {Brett}, Matthew and {Haldane}, Allan and {del R{\'\i}o}, Jaime Fern{\'a}ndez and {Wiebe}, Mark and {Peterson}, Pearu and {G{\'e}rard-Marchant}, Pierre and {Sheppard}, Kevin and {Reddy}, Tyler and {Weckesser}, Warren and {Abbasi}, Hameer and {Gohlke}, Christoph and {Oliphant}, Travis E.},
 doi = {10.1038/s41586-020-2649-2},
 eprint = {2006.10256},
 journal = {\nat},
 keywords = {Computer Science - Mathematical Software, Statistics - Computation},
 month = {September},
 number = {7825},
 pages = {357-362},
 primaryclass = {cs.MS},
 title = {{Array programming with NumPy}},
 volume = {585},
 year = {2020}
}

@article{Hunter:2007,
 adsnote = {Provided by the SAO/NASA Astrophysics Data System},
 adsurl = {https://ui.adsabs.harvard.edu/abs/2007CSE.....9...90H},
 author = {{Hunter}, John D.},
 doi = {10.1109/MCSE.2007.55},
 journal = {Computing in Science and Engineering},
 keywords = {Python, Scripting languages, Application development, Scientific programming},
 month = {May},
 number = {3},
 pages = {90-95},
 title = {{Matplotlib: A 2D Graphics Environment}},
 volume = {9},
 year = {2007}
}

@article{IPython,
 adsnote = {Provided by the SAO/NASA Astrophysics Data System},
 adsurl = {https://ui.adsabs.harvard.edu/abs/2007CSE.....9c..21P},
 author = {{Perez}, Fernando and {Granger}, Brian E.},
 doi = {10.1109/MCSE.2007.53},
 journal = {Computing in Science and Engineering},
 month = {January},
 number = {3},
 pages = {21-29},
 title = {{IPython: A System for Interactive Scientific Computing}},
 volume = {9},
 year = {2007}
}

@inproceedings{2019SPIE11118E..0WS,
  author    = {{Smith}, Randall K. and {Abraham}, Margaret and {Baird}, Grace and {Bautz}, Marshall and {Bookbinder}, Jay and {Bregman}, Joel and {Brenneman}, Laura and {Brickhouse}, Nancy and {Burrows}, David and {Burwitz}, Vadim and {Bushman}, Joseph and {Canizares}, Claude and {Chakrabarty}, Deepto and {Cheimets}, Peter and {Costantini}, Elisa and {Dawson}, Simon and {DeRoo}, Casey and {Falcone}, Abraham and {Foster}, Adam and {Gallo}, Luigi and {Grant}, Catherine E. and {G{\"u}nther}, H. Moritz and {Heilmann}, Ralf K. and {Hine}, Butler and {Huenemoerder}, David and {Jara}, Steve and {Kaastra}, Jelle and {Kreykenbohm}, Ingo and {Madsen}, Kristin and {McDonald}, Michael and {McEachen}, Michael and {McEntaffer}, Randall and {Marshall}, Herman and {Miller}, Eric and {Miller}, Jon and {Morse}, Elisabeth and {Mushotzky}, Richard and {Nandra}, Kirpal and {Nowak}, Michael A. and {Paerels}, Frits and {Petre}, Robert and {Poppenhaeger}, Katja and {Ptak}, Andrew and {Reid}, Paul and {Ronzano}, Karolyn and {Sanders}, Jeremy and {Schattenburg}, Mark and {Schonfeld}, Jonathan and {Schulz}, Norbert and {Smale}, Alan and {Temi}, Pasquale and {Valencic}, Lynne and {Walker}, Stephen and {Willingale}, Richard and {Wilms}, Joern and {Wolk}, Scott},
  title     = {{Arcus: the soft x-ray grating explorer}},
  booktitle = {UV, X-Ray, and Gamma-Ray Space Instrumentation for Astronomy XXI},
  year      = 2019,
  editor    = {{Siegmund}, Oswald H.},
  series    = {Society of Photo-Optical Instrumentation Engineers (SPIE) Conference Series},
  volume    = {11118},
  month     = sep,
  eid       = {111180W},
  pages     = {111180W},
  doi       = {10.1117/12.2529499},
  adsurl    = {https://ui.adsabs.harvard.edu/abs/2019SPIE11118E..0WS},
  adsnote   = {Provided by the SAO/NASA Astrophysics Data System}
}

