

@inproceedings{10.1117/12.2062671,
  author       = {R. K. Smith and M. Ackermann and R. Allured and M. W. Bautz and J. Bregman and J. Bookbinder and D. Burrows and L. Brenneman and N. Brickhouse and P. Cheimets and A. Carrier and M. Freeman and J. Kaastra and R. McEntaffer and J. Miller and A. Ptak and R. Petre and G. Vacanti},
  booktitle    = {Space Telescopes and Instrumentation 2014: Ultraviolet to Gamma Ray},
  doi          = {10.1117/12.2062671},
  editor       = {Tadayuki Takahashi and Jan-Willem A. den Herder and Mark Bautz},
  organization = {International Society for Optics and Photonics},
  pages        = {91444Y},
  publisher    = {SPIE},
  title        = {{Arcus: an ISS-attached high-resolution x-ray grating spectrometer}},
  url          = {https://doi.org/10.1117/12.2062671},
  volume       = {9144},
  year         = {2014},
  bdsk-url-1   = {https://doi.org/10.1117/12.2062671}
}

@inproceedings{10.1117/12.2231778,
  author       = {R. K. Smith and M. H. Abraham and R. Allured and M. Bautz and J. Bookbinder and J. N. Bregman and L. Brenneman and N. S. Brickhouse and D. N. Burrows and V. Burwitz and R. Carvalho and P. N. Cheimets and E. Costantini and S. Dawson and C. DeRoo and A. Falcone and A. R. Foster and C. E. Grant and R. K. Heilmann and E. Hertz and B. Hine III and D. Huenemoerder and J. S. Kaastra and K. K. Madsen and R. L. McEntaffer and E. D. Miller and J. Miller and E. Morse and R. Mushotzky and K. Nandra and M. Nowak and F. Paerels and R. Petre and L. Plice and K. Poppenhaeger and A. Ptak and P. Reid and J. Sanders and M. L. Schattenburg and N. Schulz and A. Smale and P. Temi and L. Valencic and S. Walker and R. Willingale and J. Wilms and S. J. Wolk},
  booktitle    = {Space Telescopes and Instrumentation 2016: Ultraviolet to Gamma Ray},
  doi          = {10.1117/12.2231778},
  editor       = {Jan-Willem A. den Herder and Tadayuki Takahashi and Marshall Bautz},
  keywords     = {X-ray grating, X-ray spectroscopy, Explorer mission},
  organization = {International Society for Optics and Photonics},
  pages        = {99054M},
  publisher    = {SPIE},
  title        = {{Arcus: the x-ray grating spectrometer explorer}},
  url          = {https://doi.org/10.1117/12.2231778},
  volume       = {9905},
  year         = {2016},
  bdsk-url-1   = {https://doi.org/10.1117/12.2231778}
}

@inproceedings{10.1117/12.2272818,
  author       = {R. K. Smith and M. Abraham and R. Allured and M. Bautz and J. Bookbinder and J. Bregman and L. Brenneman and N. S. Brickhouse and D. Burrows and V. Burwitz and P. N. Cheimets and E. Costantini and S. Dawson and C. DeRoo and A. Falcone and A. R. Foster and L. Gallo and C. E. Grant and H. M. G{\"u}nther and R. K Heilmann and E. Hertz and B. Hine and D. Huenemoerder and J. S. Kaastra and I. Kreykenbohm and K. K. Madsen and R. McEntaffer and E. Miller and J. Miller and E. Morse and R. Mushotzky and K. Nandra and M. Nowak and F. Paerels and R. Petre and K. Poppenhaeger and A. Ptak and P. Reid and J. Sanders and M. Schattenburg and N. Schulz and A. Smale and P. Temi and L. Valencic and S. Walker and R. Willingale and J. Wilms and S. J. Wolk},
  booktitle    = {UV, X-Ray, and Gamma-Ray Space Instrumentation for Astronomy XX},
  doi          = {10.1117/12.2272818},
  editor       = {Oswald H. Siegmund},
  keywords     = {spectroscopy, soft X-ray, explorer, missing baryons},
  organization = {International Society for Optics and Photonics},
  pages        = {103970Q},
  publisher    = {SPIE},
  title        = {{Arcus: exploring the formation and evolution of clusters, galaxies, and stars}},
  url          = {https://doi.org/10.1117/12.2272818},
  volume       = {10397},
  year         = {2017},
  bdsk-url-1   = {https://doi.org/10.1117/12.2272818}
}

@inproceedings{10.1117/12.2231193,
  author       = {Laura W. Brenneman and Randall K. Smith and J. Bregman and J. Kaastra and N. Brickhouse and R. Allured and A. Foster and S. Wolk and J. Wilms and L. Valencic and R. Willingale and C. Grant and M. Bautz and R. Heilmann and D. Huenemoerder and E. Miller and M. Nowak and M. Schattenburg and N. Schulz and V. Burwitz and K. Nandra and J. Sanders and J. Bookbinder and R. Petre and A. Ptak and A. Smale and D. Burrows and K. Poppenhaeger and E. Costantini and C. DeRoo and R. McEntaffer and R. Mushotzky and J. M. Miller and P. Temi},
  booktitle    = {Space Telescopes and Instrumentation 2016: Ultraviolet to Gamma Ray},
  doi          = {10.1117/12.2231193},
  editor       = {Jan-Willem A. den Herder and Tadayuki Takahashi and Marshall Bautz},
  keywords     = {Large scale strcuture, Active galaxies, Stars, Accretion, Outflows, X-rays, Spectroscopy, Gratings},
  organization = {International Society for Optics and Photonics},
  pages        = {99054P},
  publisher    = {SPIE},
  title        = {{The evolution of structure and feedback with Arcus}},
  url          = {https://doi.org/10.1117/12.2231193},
  volume       = {9905},
  year         = {2016},
  bdsk-url-1   = {https://doi.org/10.1117/12.2231193}
}

@inproceedings{10.1117/12.2233763,
  author       = {Ryan Allured and Randall L. McEntaffer and Edward Hertz and Peter N. Cheimets and Randall K. Smith},
  booktitle    = {Space Telescopes and Instrumentation 2016: Ultraviolet to Gamma Ray},
  doi          = {10.1117/12.2233763},
  editor       = {Jan-Willem A. den Herder and Tadayuki Takahashi and Marshall Bautz},
  keywords     = {Arcus, X-ray spectroscopy, Conical diffraction, Off-plane gratings, Silicon pore optics},
  organization = {International Society for Optics and Photonics},
  pages        = {99054O},
  publisher    = {SPIE},
  title        = {{Optical design considerations and raytracing results for the Arcus grating spectrometer concept}},
  url          = {https://doi.org/10.1117/12.2233763},
  volume       = {9905},
  year         = {2016},
  bdsk-url-1   = {https://doi.org/10.1117/12.2233763}
}

@inproceedings{10.1117/12.2232157,
  author       = {Hans M. G{\"u}nther and Marshall W. Bautz and Ralf K. Heilmann and David P. Huenemoerder and Herman L. Marshall and Michael A. Nowak and Norbert S. Schulz},
  booktitle    = {Space Telescopes and Instrumentation 2016: Ultraviolet to Gamma Ray},
  doi          = {10.1117/12.2232157},
  editor       = {Jan-Willem A. den Herder and Tadayuki Takahashi and Marshall Bautz},
  keywords     = {X-ray surveyor, ray-tracing, misalignment, spectrograph, critical angle transmission grating, CAT grating},
  organization = {International Society for Optics and Photonics},
  pages        = {990556},
  publisher    = {SPIE},
  title        = {{Ray-tracing critical-angle transmission gratings for the X-ray Surveyor and Explorer-size missions}},
  url          = {https://doi.org/10.1117/12.2232157},
  volume       = {9905},
  year         = {2016},
  bdsk-url-1   = {https://doi.org/10.1117/12.2232157}
}

@inproceedings{10.1117/12.2273011,
  author       = {Hans M. G{\"u}nther and P. N. Cheimets and R. K. Heilmann and R. K. Smith},
  booktitle    = {UV, X-Ray, and Gamma-Ray Space Instrumentation for Astronomy XX},
  doi          = {10.1117/12.2273011},
  editor       = {Oswald H. Siegmund},
  keywords     = {Arcus, tilted Rowland torus, CAT grating, critical-angle transmission grating, ray-trace, misalignment tolerances, resolving power},
  organization = {International Society for Optics and Photonics},
  pages        = {103970P},
  publisher    = {SPIE},
  title        = {{Performance of a double tilted-Rowland-spectrometer on Arcus}},
  url          = {https://doi.org/10.1117/12.2273011},
  volume       = {10397},
  year         = {2017},
  bdsk-url-1   = {https://doi.org/10.1117/12.2273011}
}

@inproceedings{10.1117/12.2312678,
  author       = {Hans M. G{\"u}nther and C. DeRoo and R. K. Heilmann and E. Hertz and R. K. Smith and J. Wilms},
  booktitle    = {Space Telescopes and Instrumentation 2018: Ultraviolet to Gamma Ray},
  doi          = {10.1117/12.2312678},
  editor       = {Jan-Willem A. den Herder and Shouleh Nikzad and Kazuhiro Nakazawa},
  keywords     = {Arcus, Ray-tracing, Critical angle transmission (CAT) gratings, X-ray, grating spectroscopy, MARXS},
  organization = {International Society for Optics and Photonics},
  pages        = {106996F},
  publisher    = {SPIE},
  title        = {{Ray-tracing Arcus in phase A}},
  url          = {https://doi.org/10.1117/12.2312678},
  volume       = {10699},
  year         = {2018},
  bdsk-url-1   = {https://doi.org/10.1117/12.2312678}
}
@article{2022AN....34320019B,
  author  = {{Brickhouse}, Nancy S. and {Brenneman}, Laura W. and {G{\"u}nther}, Hans Moritz and {Huenemoerder}, David P. and {Ptak}, Andy and {Smith}, Randall K. and {Wolk}, Scott J.},
  title   = {{An Arcus view of stellar space weather}},
  journal = {Astronomische Nachrichten},
  year    = 2022,
  month   = may,
  volume  = {343},
  number  = {4},
  eid     = {e20019},
  pages   = {e20019},
  doi     = {10.1002/asna.20220019},
  adsurl  = {https://ui.adsabs.harvard.edu/abs/2022AN....34320019B},
  adsnote = {Provided by the SAO/NASA Astrophysics Data System}
}

@article{Beuermann:78,
  author    = {K. P. Beuermann and H. Br\"{a}uninger and J. Tr\"{u}mper},
  journal   = {Appl. Opt.},
  keywords  = {},
  number    = {15},
  pages     = {2304--2309},
  publisher = {OSA},
  title     = {Aberrations of a facet-type transmission grating for cosmic x-ray and XUV spectroscopy},
  volume    = {17},
  month     = {Aug},
  year      = {1978},
  url       = {http://ao.osa.org/abstract.cfm?URI=ao-17-15-2304},
  doi       = {10.1364/AO.17.002304},
  abstract  = {The aberrations of various types of curved constant-period transmission gratings are discussed, using Fermat's principle. We show that optimal performance is achieved with a grating assembled from individual facets which form a nonclosed surface. For this geometry, primary coma and astigmatism are proportional to the facet size and, hence, may be adapted to the angular resolution of a Wolter-type telescope.}
}
@inproceedings{10.1117/12.856482,
  author   = {Heilmann, Ralf K. and Davis, John E. and Dewey, Daniel and
              Bautz, Mark W. and Foster, Rick and Bruccoleri, Alex and
              Mukherjee, Pran and Robinson, David and Huenemoerder, David
              P. and Marshall, Herman L. and Schattenburg, Mark L. and
              Schulz, Norbert S. and Guo, L. Jay and Kaplan, Alex F. and
              Schweikart, Russell B.},
  title    = {Critical-angle transmission grating spectrometer for
              high-resolution soft x-ray spectroscopy on the
              International X-ray Observatory},
  journal  = {Proc. SPIE},
  volume   = {7732},
  number   = {},
  pages    = {77321J-77321J-11},
  abstract = {High-resolution spectroscopy at energies below 1 keV
              covers the lines of C, N, O, Ne and Fe ions, and is central
              to studies of the Interstellar Medium, the Warm Hot
              Intergalactic Medium, warm absorption and outflows in
              Active Galactic Nuclei, coronal emission from stars, etc.
              The large collecting area, long focal length, and 5
              arcsecond half power diameter telescope point-spread
              function of the International X-ray Observatory will
              present unprecedented opportunity for a grating
              spectrometer to address these areas at the forefront of
              astronomy and astrophysics. We present the current status
              of a transmission grating spectrometer based on recently
              developed high-efficiency critical-angle transmission (CAT)
              gratings that combine the traditional advantages of blazed
              reflection and transmission gratings. The optical design
              places light-weight grating arrays close to the telescope
              mirrors, which maximizes dispersion distance and thus
              spectral resolution and minimizes demands on mirror
              performance. It merges features from the Chandra High
              Energy Transmission Grating Spectrometer and the XMM-Newton
              Reflection Grating Spectrometer, and provides resolving
              power R = E/ ΔE = 3000 - 5000 (full width half max) and
              effective area &gt;1000 cm2 in the soft x-ray band. We
              discuss recent results on ray-tracing and optimization of
              the optical design, instrument configuration studies, and
              grating fabrication.},
  year     = {2010},
  doi      = {10.1117/12.856482},
  url      = { http://dx.doi.org/10.1117/12.856482},
  eprint   = {}
}
@article{CXRO,
  author  = {B. L. Henke and E.M. Gullikson and J.C. Davis},
  title   = {X-ray interactions: photoabsorption, scattering, transmission, and reflection at E=50-30000 eV, Z=1-92},
  journal = {Atomic Data and Nuclear Data Tables},
  volume  = {54},
  number  = {2},
  pages   = {181-342},
  year    = {1993}
}

@article{Tawaetal2008,
	author = {{Tawa}, N. and {Hayashida}, K. and {Nagai}, M. and {Nakamoto}, H. and {Tsunemi}, H. and {Yamaguchi}, H. and {Ishisaki}, Y. and {Miller}, E.~D. and {Mizuno}, T. and {Dotani}, T. and {Ozaki}, M. and {Katayama}, H.},
	journal = {\pasj},
	month = feb,
	pages = {11-+},
	title = {{Reproducibility of Non-X-Ray Background for the X-Ray Imaging Spectrometer aboard Suzaku}},
	volume = 60,
	year = 2008}


@inproceedings{10.1117/12.2233763,
  author       = {Ryan Allured and Randall L. McEntaffer and Edward Hertz and Peter N. Cheimets and Randall K. Smith},
  booktitle    = {Space Telescopes and Instrumentation 2016: Ultraviolet to Gamma Ray},
  doi          = {10.1117/12.2233763},
  editor       = {Jan-Willem A. den Herder and Tadayuki Takahashi and Marshall Bautz},
  keywords     = {Arcus, X-ray spectroscopy, Conical diffraction, Off-plane gratings, Silicon pore optics},
  organization = {International Society for Optics and Photonics},
  pages        = {99054O},
  publisher    = {SPIE},
  title        = {{Optical design considerations and raytracing results for the Arcus grating spectrometer concept}},
  url          = {https://doi.org/10.1117/12.2233763},
  volume       = {9905},
  year         = {2016},
  bdsk-url-1   = {https://doi.org/10.1117/12.2233763}
}

@article{astropy:2013,
  adsnote       = {Provided by the SAO/NASA Astrophysics Data System},
  adsurl        = {http://adsabs.harvard.edu/abs/2013A%26A...558A..33A},
  archiveprefix = {arXiv},
  author        = {{Astropy Collaboration et al.}},
  doi           = {10.1051/0004-6361/201322068},
  eid           = {A33},
  eprint        = {1307.6212},
  journal       = {\aap},
  keywords      = {methods: data analysis, methods: miscellaneous, virtual observatory tools},
  month         = oct,
  pages         = {A33},
  primaryclass  = {astro-ph.IM},
  title         = {{Astropy: A community Python package for astronomy}},
  volume        = 558,
  year          = 2013,
  bdsk-url-1    = {https://dx.doi.org/10.1051/0004-6361/201322068}
}

@article{astropy:2018,
  author        = {{Astropy Collaboration et al.}},
  title         = {{The Astropy Project: Building an Open-science Project and Status of the v2.0 Core Package}},
  journal       = {\aj},
  keywords      = {methods: data analysis, methods: miscellaneous, methods: statistical, reference systems, Astrophysics - Instrumentation and Methods for Astrophysics},
  year          = 2018,
  month         = sep,
  volume        = {156},
  number        = {3},
  eid           = {123},
  pages         = {123},
  doi           = {10.3847/1538-3881/aabc4f},
  archiveprefix = {arXiv},
  eprint        = {1801.02634},
  primaryclass  = {astro-ph.IM},
  adsurl        = {https://ui.adsabs.harvard.edu/abs/2018AJ....156..123A},
  adsnote       = {Provided by the SAO/NASA Astrophysics Data System}
}

@article{astropy:2022,
  author        = {{Astropy Collaboration et al.}},
  title         = {{The Astropy Project: Sustaining and Growing a Community-oriented Open-source Project and the Latest Major Release (v5.0) of the Core Package}},
  journal       = {\apj},
  keywords      = {Astronomy software, Open source software, Astronomy data analysis, 1855, 1866, 1858, Astrophysics - Instrumentation and Methods for Astrophysics},
  year          = 2022,
  month         = aug,
  volume        = {935},
  number        = {2},
  eid           = {167},
  pages         = {167},
  doi           = {10.3847/1538-4357/ac7c74},
  archiveprefix = {arXiv},
  eprint        = {2206.14220},
  primaryclass  = {astro-ph.IM},
  adsurl        = {https://ui.adsabs.harvard.edu/abs/2022ApJ...935..167A},
  adsnote       = {Provided by the SAO/NASA Astrophysics Data System}
}


@inproceedings{10.1117/12.2057347,
  author       = {Maximilien J. Collon and Marcelo Ackermann and Ramses G{\"u}nther and Abdelhakim Chatbi and Giuseppe Vacanti and Mark Vervest and Alex Yanson and Marco W. Beijersbergen and Marcos Bavdaz and Eric Wille and Jeroen Haneveld and Mark Olde Riekerink and Arenda Koelewijn and Coen van Baren and Peter M{\"u}ller and Michael Krumrey and Vadim Burwitz and Giorgia Sironi and Mauro Ghigo},
  booktitle    = {Space Telescopes and Instrumentation 2014: Ultraviolet to Gamma Ray},
  doi          = {10.1117/12.2057347},
  editor       = {Tadayuki Takahashi and Jan-Willem A. den Herder and Mark Bautz},
  keywords     = {X-ray optics, X-ray astronomy, silicon, wafer, stack, pore optics, X-ray telescopes, ATHENA},
  organization = {International Society for Optics and Photonics},
  pages        = {91442G},
  publisher    = {SPIE},
  title        = {{Making the ATHENA optics using silicon pore optics}},
  url          = {https://doi.org/10.1117/12.2057347},
  volume       = {9144},
  year         = {2014},
  bdsk-url-1   = {https://doi.org/10.1117/12.2057347}
}


@inproceedings{10.1117/12.2188988,
  author       = {Maximilien J. Collon and Giuseppe Vacanti and Ramses G{\"u}nther and Alex Yanson and Nicolas Barri{\`e}re and Boris Landgraf and Mark Vervest and Abdelhakim Chatbi and Marco W. Beijersbergen and Marcos Bavdaz and Eric Wille and Jeroen Haneveld and Arenda Koelewijn and Anne Leenstra and Maurice Wijnperle and Coen van Baren and Peter M{\"u}ller and Michael Krumrey and Vadim Burwitz and Giovanni Pareschi and Paolo Conconi and Finn E. Christensen},
  booktitle    = {Optics for EUV, X-Ray, and Gamma-Ray Astronomy VII},
  doi          = {10.1117/12.2188988},
  editor       = {Stephen L. O'Dell and Giovanni Pareschi},
  keywords     = {X-ray optics, X-ray astronomy, silicon, ATHENA, SPO, wafer, stack, pore optics},
  organization = {International Society for Optics and Photonics},
  pages        = {96030K},
  publisher    = {SPIE},
  title        = {{Silicon pore optics development for ATHENA}},
  url          = {https://doi.org/10.1117/12.2188988},
  volume       = {9603},
  year         = {2015},
  bdsk-url-1   = {https://doi.org/10.1117/12.2188988}
}
@article{IPython,
  author    = {P\'erez, Fernando and Granger, Brian E.},
  title     = {{IP}ython: a System for Interactive Scientific Computing},
  journal   = {Computing in Science and Engineering},
  volume    = {9},
  number    = {3},
  pages     = {21--29},
  month     = may,
  year      = 2007,
  url       = {http://ipython.org},
  issn      = {1521-9615},
  doi       = {10.1109/MCSE.2007.53},
  publisher = {IEEE Computer Society}
}
@article{numpy,
  author  = {Stéfan van der Walt and S. Chris Colbert and Gaël Varoquaux},
  title   = {The NumPy Array: A Structure for Efficient Numerical Computation},
  journal = {Computing in Science \& Engineering},
  volume  = {13},
  number  = {2},
  pages   = {22-30},
  year    = {2011},
  doi     = {10.1109/MCSE.2011.37},
  url     = {http://aip.scitation.org/doi/abs/10.1109/MCSE.2011.37
             },
  eprint  = {
             http://aip.scitation.org/doi/pdf/10.1109/MCSE.2011.37
             }
}
@misc{marxs1.1,
  title     = {Chandra-MARX/marxs: v1.1},
  doi       = {10.5281/zenodo.829911},
  publisher = {Zenodo},
  author    = {Hans Moritz G\"unther and Jason Frost and
               and Adam Theriault-Shay},
  year      = {2017},
  month     = {Jul},
  url       = {https://doi.org/10.5281/zenodo.829911}
}
@ARTICLE{2017AJ....154..243G,
   author = {{G{\"u}nther}, H.~M. and {Frost}, J. and {Theriault-Shay}, A.
	},
    title = "{MARXS: A Modular Software to Ray-trace X-Ray Instrumentation}",
  journal = {\aj},
archivePrefix = "arXiv",
   eprint = {1710.05226},
 primaryClass = "astro-ph.IM",
 keywords = {instrumentation: polarimeters, instrumentation: spectrographs, methods: numerical, telescopes },
     year = 2017,
    month = dec,
   volume = 154,
      eid = {243},
    pages = {243},
      doi = {10.3847/1538-3881/aa943b},
   adsurl = {http://adsabs.harvard.edu/abs/2017AJ....154..243G},
  adsnote = {Provided by the SAO/NASA Astrophysics Data System}
}

@inproceedings{10.1117/12.2530941,
  author       = {Boris Landgraf and Maximilien J. Collon and Giuseppe Vacanti and Nicolas M. Barri{\`e}re and Ramses G{\"u}nther and Mark Vervest and Luc Voruz and Sjoerd Verhoeckx and Ljubi{\v s}a Babi{\'c} and Laurens Keek and David Girou and Ben Okma and Marco W. Beijersbergen and Marcos Bavdaz and Eric Wille and Sebastiaan Fransen and Brian Shortt and Ivo Ferreira and Jeroen Haneveld and Arenda Koelewijn and Ronald Start and Maurice Wijnperl{\'e} and Jan-Joost Lankwarden and Coen van Baren and Paul Hieltjes and Jan Willem den Herder and Vadim Burwitz and Giovanni Pareschi and Sonny Massahi and Desir{\'e}e Della Monica Ferreira and Finn E. Christensen and Giuseppe Valsecchi and Paul Oliver and Ian Chequer and Kevin Ball},
  booktitle    = {Optics for EUV, X-Ray, and Gamma-Ray Astronomy IX},
  doi          = {10.1117/12.2530941},
  editor       = {Stephen L. O'Dell and Giovanni Pareschi},
  keywords     = {x-ray optics, x-ray astronomy, silicon, wafer, stack, pore optics, x-ray telescopes, ATHENA},
  organization = {International Society for Optics and Photonics},
  pages        = {111190E},
  publisher    = {SPIE},
  title        = {{Development and manufacturing of SPO X-ray mirrors}},
  url          = {https://doi.org/10.1117/12.2530941},
  volume       = {11119},
  year         = {2019},
  bdsk-url-1   = {https://doi.org/10.1117/12.2530941}
}

@inproceedings{10.1117/12.2599339,
  author       = {Maximilien J. Collon and Ljubi{\v s}a Babic and Nicolas M. Barri{\`e}re and Alex Bayerle and Luigi Castiglione and No{\"e} Eenkhoorn and David Girou and Ramses G{\"u}nther and Enrico Hauser and Yvette Jenkins and Boris Landgraf and Laurens Keek and Ben Okma and Gregorio Mendoza Serano and Aniket Thete and Giuseppe Vacanti and Sjoerd Verhoeckx and Mark Vervest and Luc Voruz and Marco Beijersbergen and Marcos Bavdaz and Eric Wille and Ivo Ferreira and Sebastiaan Fransen and Brian Shortt and Mark Olde Riekerink and Jeroen Haneveld and Arenda Koelewijn and Maurice Wijnperle and Jan-Joost Lankwarden and Bart Schurink and Ronald Start and Coen van Baren and Paul Hieltjes and Jan Willem den Herder and Evelyn Handick and Michael Krumrey and Miranda Bradshaw and Vadim Burwitz and Sonny Massahi and Sara Buur Svendsen and Desiree Della Monica Ferreira and Finn E. Christensen and Giuseppe Valsecchi and Geeta Kailla and William Mundon and Gavin Phillips and Ian Chequer and Kevin Ball},
  booktitle    = {International Conference on Space Optics --- ICSO 2020},
  doi          = {10.1117/12.2599339},
  editor       = {Bruno Cugny and Zoran Sodnik and Nikos Karafolas},
  organization = {International Society for Optics and Photonics},
  pages        = {118521Z},
  publisher    = {SPIE},
  title        = {{X-ray mirror development and production for the Athena telescope}},
  url          = {https://doi.org/10.1117/12.2599339},
  volume       = {11852},
  year         = {2021},
  bdsk-url-1   = {https://doi.org/10.1117/12.2599339}
}

@inproceedings{10.1117/12.2628195,
  author       = {Ralf K. Heilmann and Alexander R. Bruccoleri and Vadim Burwitz and Peter Cheimets and Casey DeRoo and Alan Garner and Eric M. Gullikson and Hans Moritz G{\"u}nther and Gisela Hartner and Edward Hertz and Andreas Langmeier and Thomas Mueller and Surangkhana Rukdee and Thomas Schmidt and Randall K. Smith and Mark L. Schattenburg},
  booktitle    = {Space Telescopes and Instrumentation 2022: Ultraviolet to Gamma Ray},
  doi          = {10.1117/12.2628195},
  editor       = {Jan-Willem A. den Herder and Shouleh Nikzad and Kazuhiro Nakazawa},
  keywords     = {Arcus, critical-angle transmission grating, high-resolution x-ray spectroscopy, Lynx, x-ray diffraction grating, soft x-ray diffraction, deep reactive-ion etching, grating fabrication},
  organization = {International Society for Optics and Photonics},
  pages        = {1218116},
  publisher    = {SPIE},
  title        = {{Flight-like critical-angle transmission grating x-ray performance for Arcus}},
  url          = {https://doi.org/10.1117/12.2628195},
  volume       = {12181},
  year         = {2022},
  bdsk-url-1   = {https://doi.org/10.1117/12.2628195}
}


@inproceedings{10.1117/12.926827,
  author       = {Ralf K. Heilmann and Alex R. Bruccoleri and Pran Mukherjee and Mark L. Schattenburg},
  booktitle    = {Space Telescopes and Instrumentation 2012: Ultraviolet to Gamma Ray},
  doi          = {10.1117/12.926827},
  editor       = {Tadayuki Takahashi and Stephen S. Murray and Jan-Willem A. den Herder},
  keywords     = {x-ray optics, critical-angle transmission grating, x-ray spectroscopy, blazed transmission grating, soft x-ray, silicon-on-insulator, deep reactive-ion etching, nanofabrication},
  organization = {International Society for Optics and Photonics},
  pages        = {84430W},
  publisher    = {SPIE},
  title        = {{Progress in the development of critical-angle transmission gratings}},
  url          = {https://doi.org/10.1117/12.926827},
  volume       = {8443},
  year         = {2012},
  bdsk-url-1   = {https://doi.org/10.1117/12.926827}
}

@inproceedings{10.1117/12.2529354,
  author       = {Ralf K. Heilmann and Alexander R. Bruccoleri and Jungki Song and Mark L. Schattenburg},
  booktitle    = {Optics for EUV, X-Ray, and Gamma-Ray Astronomy IX},
  doi          = {10.1117/12.2529354},
  editor       = {Stephen L. O'Dell and Giovanni Pareschi},
  keywords     = {Arcus, Lynx, critical-angle transmission grating, x-ray spectroscopy, blazed transmission grating, soft x-ray, grating spectrometer, high resolving power},
  organization = {International Society for Optics and Photonics},
  pages        = {1111913},
  publisher    = {SPIE},
  title        = {{Progress in x-ray critical-angle transmission grating technology development}},
  url          = {https://doi.org/10.1117/12.2529354},
  volume       = {11119},
  year         = {2019},
  bdsk-url-1   = {https://doi.org/10.1117/12.2529354}
}
@ARTICLE{2022ApJ...934..171H,
       author = {{Heilmann}, Ralf K. and {Bruccoleri}, Alexander R. and {Burwitz}, Vadim and {DeRoo}, Casey and {Garner}, Alan and {G{\"u}nther}, Hans Moritz and {Gullikson}, Eric M. and {Hartner}, Gisela and {Hertz}, Edward and {Langmeier}, Andreas and {M{\"u}ller}, Thomas and {Rukdee}, Surangkhana and {Schmidt}, Thomas and {Smith}, Randall K. and {Schattenburg}, Mark L.},
        title = "{X-Ray Performance of Critical-angle Transmission Grating Prototypes for the Arcus Mission}",
      journal = {\apj},
     keywords = {Warm-hot intergalactic medium, X-ray astronomy, X-ray telescopes, X-ray detectors, High resolution spectroscopy, Spectrometers, Supermassive black holes, Stellar accretion, Protoplanetary disks, Galaxy clusters, 1786, 1810, 1825, 1815, 2096, 1554, 1663, 1578, 1300, 584, Astrophysics - Instrumentation and Methods for Astrophysics},
         year = 2022,
        month = aug,
       volume = {934},
       number = {2},
          eid = {171},
        pages = {171},
          doi = {10.3847/1538-4357/ac7a3a},
archivePrefix = {arXiv},
       eprint = {2206.09013},
 primaryClass = {astro-ph.IM},
       adsurl = {https://ui.adsabs.harvard.edu/abs/2022ApJ...934..171H},
      adsnote = {Provided by the SAO/NASA Astrophysics Data System}
}


@article{DTRS,
  author        = {{G\"unther}, Hans M. and {DeRoo}, Casey T. and {Heilmann}, Ralf K. and {Hertz}, Edward},
  title         = {{Concept of a Double Tilted Rowland Spectrograph for X-rays}},
  journal       = {\apj},
  year          = "sbumitted"
}
@inproceedings{10.1117/12.2677388,
  author       = {David Girou and Laurens Keek and Randall K. Smith and Randall L. McEntaffer and Roland den Hartog and Marcos Bavdaz and Ivo Ferreira and Nicolas M. Barri{\`e}re and Boris Landgraf and Giuseppe Vacanti and Maximilien Collon},
  title        = {{Silicon pore optics: a mature and adaptable x-ray mirror technology}},
  volume       = {12679},
  booktitle    = {Optics for EUV, X-Ray, and Gamma-Ray Astronomy XI},
  editor       = {Stephen L. O'Dell and Jessica A. Gaskin and Giovanni Pareschi and Daniele Spiga},
  organization = {International Society for Optics and Photonics},
  publisher    = {SPIE},
  pages        = {1267905},
  keywords     = {X-ray optics, X-ray astronomy, silicon, pore optics, X-ray telescopes, ATHENA, ARCUS, OGRE},
  year         = {2023},
  doi          = {10.1117/12.2677388},
  url          = {https://doi.org/10.1117/12.2677388}
}
@inproceedings{doi:10.1117/12.2314180,
  doi       = {10.1117/12.2314180},
  url       = {https://doi.org/10.1117/12.2314180},
  year      = {2018},
  month     = {jul},
  publisher = {{SPIE}},
  author    = {Ralf K. Heilmann and Mark L. Schattenburg and Alexander R. Bruccoleri and Jungki Song and Casey T. DeRoo and Peter Cheimets and Randall K. Smith and Vadim Burwitz and Edward N. Hertz and Gisela Hartner and Marlis-Madeleine La Caria and Carlo Pelliciari and Hans M. Guenther and Sarah Heine and Beverly LaMarr and Herman L. Marshall and Norbert  S. Schulz and Eric M. Gullikson},
  editor    = {Jan-Willem A. den Herder and Kazuhiro Nakazawa and Shouleh Nikzad},
  title     = {Blazed transmission grating technology development for the Arcus x-ray spectrometer explorer},
  booktitle = {Space Telescopes and Instrumentation 2018: Ultraviolet to Gamma Ray}
}
@inproceedings{10.1117/12.245111,
  author       = {George Chartas and Gordon P. Garmire and John A. Nousek and Leisa K. Townsley and Forbes R. Powell and Richard L. Blake and Dale E. Graessle},
  title        = {{ACIS UV/optical blocking filter calibration at the National Synchrotron Light Source}},
  volume       = {2805},
  booktitle    = {Multilayer and Grazing Incidence X-Ray/EUV Optics III},
  editor       = {Richard B. Hoover and Arthur B. C. Walker II},
  organization = {International Society for Optics and Photonics},
  publisher    = {SPIE},
  pages        = {44 -- 54},
  year         = {1996},
  doi          = {10.1117/12.245111},
  url          = {https://doi.org/10.1117/12.245111}
}
@article{2007PASJ...59S..23K,
  author   = {{Koyama}, Katsuji and {Tsunemi}, Hiroshi and {Dotani}, Tadayasu and {Bautz}, Mark W. and {Hayashida}, Kiyoshi and {Tsuru}, Takeshi Go and {Matsumoto}, Hironori and {Ogawara}, Yoshiaki and {Ricker}, George R. and {Doty}, John and {Kissel}, Steven E. and {Foster}, Rick and {Nakajima}, Hiroshi and {Yamaguchi}, Hiroya and {Mori}, Hideyuki and {Sakano}, Masaaki and {Hamaguchi}, Kenji and {Nishiuchi}, Mamiko and {Miyata}, Emi and {Torii}, Ken'ichi and {Namiki}, Masaaki and {Katsuda}, Satoru and {Matsuura}, Daisuke and {Miyauchi}, Tomofumi and {Anabuki}, Naohisa and {Tawa}, Noriaki and {Ozaki}, Masanobu and {Murakami}, Hiroshi and {Maeda}, Yoshitomo and {Ichikawa}, Yoshinori and {Prigozhin}, Gregory Y. and {Boughan}, Edward A. and {Lamarr}, Beverly and {Miller}, Eric D. and {Burke}, Barry E. and {Gregory}, James A. and {Pillsbury}, Allen and {Bamba}, Aya and {Hiraga}, Junko S. and {Senda}, Atsushi and {Katayama}, Haruyoshi and {Kitamoto}, Shunji and {Tsujimoto}, Masahiro and {Kohmura}, Takayoshi and {Tsuboi}, Yohko and {Awaki}, Hisamitsu},
  title    = {{X-Ray Imaging Spectrometer (XIS) on Board Suzaku}},
  journal  = {\pasj},
  keywords = {instrumentation: detectors, methods: data analysis, space vehicles: instruments, X-ray CCDs},
  year     = 2007,
  month    = jan,
  volume   = {59},
  pages    = {23-33},
  doi      = {10.1093/pasj/59.sp1.S23},
  adsurl   = {https://ui.adsabs.harvard.edu/abs/2007PASJ...59S..23K},
  adsnote  = {Provided by the SAO/NASA Astrophysics Data System}
}
@inproceedings{10.1117/12.2628133,
  author       = {D. Spiga and G. Sironi and D. Della Monica Ferreira and A. S. Jegers and E. Bergb{\"a}ck Knudsen and M. Bavdaz and I. Ferreira},
  title        = {{Modelling diffractive effects in silicon pore optics for the ATHENA X-ray Telescope}},
  volume       = {12181},
  booktitle    = {Space Telescopes and Instrumentation 2022: Ultraviolet to Gamma Ray},
  editor       = {Jan-Willem A. den Herder and Shouleh Nikzad and Kazuhiro Nakazawa},
  organization = {International Society for Optics and Photonics},
  publisher    = {SPIE},
  pages        = {121814J},
  keywords     = {SWORDS, SImPOSIUM, diffraction, silicon pore optics, wave optics},
  year         = {2022},
  doi          = {10.1117/12.2628133},
  url          = {https://doi.org/10.1117/12.2628133}
}
@inproceedings{10.1117/12.2232230,
  author       = {D. Spiga and F. E. Christensen and M. Bavdaz and M. M. Civitani and P. Conconi and D. Della Monica Ferreira and E. B. Knudsen and S. Massahi and G. Pareschi and B. Salmaso and B. Shortt and K. Tayabaly and N. J. Westergaard and E. Wille},
  title        = {{Simulation and modeling of silicon pore optics for the ATHENA x-ray telescope}},
  volume       = {9905},
  booktitle    = {Space Telescopes and Instrumentation 2016: Ultraviolet to Gamma Ray},
  editor       = {Jan-Willem A. den Herder and Tadayuki Takahashi and Marshall Bautz},
  organization = {International Society for Optics and Photonics},
  publisher    = {SPIE},
  pages        = {99055O},
  keywords     = {ATHENA, Silicon Pore Optics, design, simulation, modeling},
  year         = {2016},
  doi          = {10.1117/12.2232230},
  url          = {https://doi.org/10.1117/12.2232230}
}
@inproceedings{10.1117/12.2594461,
  author       = {G. Sironi and D. Spiga and A. Moretti and G. Pareschi and G. Tagliaferri and D. Della Monica Ferreira and E. Bergb{\"a}ck Knudsen and A. S. Jegers and I. Ferreira and M. Bavdaz},
  title        = {{Open-source simulator for ATHENA X-ray telescope optics}},
  volume       = {11822},
  booktitle    = {Optics for EUV, X-Ray, and Gamma-Ray Astronomy X},
  editor       = {Stephen L. O'Dell and Jessica A. Gaskin and Giovanni Pareschi},
  organization = {International Society for Optics and Photonics},
  publisher    = {SPIE},
  pages        = {118220I},
  keywords     = {ATHENA, silicon pore optics, optical performance, simulation, SW package},
  year         = {2021},
  doi          = {10.1117/12.2594461},
  url          = {https://doi.org/10.1117/12.2594461}
}
@inproceedings{10.1117/12.2677948,
  author       = {Brian T. Fleming and Kevin France and Tom Patton and Timothy Hellickson and Nicholas Nell and Randall Smith and Peter Cheimets},
  title        = {{The Arcus ultraviolet spectrograph (UVS): technical design of the far-ultraviolet spectrograph on the Arcus probe}},
  volume       = {12678},
  booktitle    = {UV, X-Ray, and Gamma-Ray Space Instrumentation for Astronomy XXIII},
  editor       = {Oswald H. Siegmund and Keri Hoadley},
  organization = {International Society for Optics and Photonics},
  publisher    = {SPIE},
  pages        = {126780G},
  keywords     = {Ultraviolet, Probes, Space Missions, Spectroscopy, eLiF, Microchannel Plate},
  year         = {2023},
  doi          = {10.1117/12.2677948},
  url          = {https://doi.org/10.1117/12.2677948}
}
@inproceedings{10.1117/12.2677332,
  author       = {Kevin France and Brian Fleming and Laura Brenneman and Randall Smith and Joel Bregman and Nancy Brickhouse and Hans Moritz G{\"u}nther and Todd M. Tripp and Dolon Bhattacharyya and Timothy Hellickson and Nicholas Nell and Thomas Patton and Katja Poppenhaeger and Pasqualle Temi},
  title        = {{Far-ultraviolet spectroscopy on the Arcus x-ray probe}},
  volume       = {12678},
  booktitle    = {UV, X-Ray, and Gamma-Ray Space Instrumentation for Astronomy XXIII},
  editor       = {Oswald H. Siegmund and Keri Hoadley},
  organization = {International Society for Optics and Photonics},
  publisher    = {SPIE},
  pages        = {126780F},
  keywords     = {far-ultraviolet, spectroscopy, probe, imaging spectroscopy, high-sensitivity},
  year         = {2023},
  doi          = {10.1117/12.2677332},
  url          = {https://doi.org/10.1117/12.2677332}
}
